,time,price,change,volume,amount,type
0,15:00:00,10.35,--,0,0,卖盘
1,15:00:00,10.35,--,0,0,卖盘
2,14:59:59,10.35,--,5,5175,卖盘
3,14:59:04,10.35,--,10,10350,卖盘
4,14:58:45,10.35,--,1,1035,卖盘
5,14:56:04,10.35,--,6,6210,卖盘
6,14:55:09,10.35,--,10,10350,卖盘
7,14:54:39,10.35,--,1,1035,卖盘
8,14:53:54,10.35,--,10,10350,卖盘
9,14:52:34,10.35,--,1,1035,卖盘
10,14:51:34,10.35,--,10,10350,卖盘
11,14:46:03,10.35,--,5,5175,卖盘
12,14:31:30,10.35,--,8,8280,卖盘
13,14:30:15,10.35,--,10,10350,卖盘
14,14:27:50,10.35,--,5,5175,卖盘
15,14:21:03,10.35,--,10,10350,卖盘
16,14:13:18,10.35,--,5,5175,卖盘
17,14:10:02,10.35,--,10,10350,卖盘
18,14:09:06,10.35,--,10,10350,卖盘
19,14:03:30,10.35,--,10,10350,卖盘
20,14:02:30,10.35,--,10,10350,卖盘
21,13:45:13,10.35,--,10,10350,卖盘
22,13:42:42,10.35,--,10,10350,卖盘
23,13:19:34,10.35,--,5,5175,卖盘
24,13:17:54,10.35,--,1,1035,卖盘
25,13:11:13,10.35,--,10,10350,卖盘
26,13:06:12,10.35,--,5,5175,卖盘
27,13:00:07,10.35,--,31,32085,卖盘
28,11:30:00,10.35,--,0,0,卖盘
29,11:30:00,10.35,--,0,0,卖盘
30,11:29:36,10.35,--,2,2070,卖盘
31,11:17:15,10.35,--,10,10350,卖盘
32,11:15:09,10.35,--,10,10350,卖盘
33,11:10:29,10.35,--,10,10350,卖盘
34,11:08:08,10.35,--,5,5175,卖盘
35,11:02:23,10.35,--,10,10350,卖盘
36,11:00:53,10.35,--,10,10350,卖盘
37,10:59:23,10.35,--,10,10350,卖盘
38,10:59:08,10.35,--,4,4140,卖盘
39,10:57:47,10.35,--,10,10350,卖盘
40,10:54:11,10.35,--,10,10350,卖盘
41,10:53:06,10.35,--,10,10350,卖盘
42,10:51:46,10.35,--,10,10350,卖盘
43,10:50:31,10.35,--,2,2070,卖盘
44,10:46:45,10.35,--,10,10350,卖盘
45,10:46:20,10.35,--,2,2070,卖盘
46,10:46:10,10.35,--,10,10350,卖盘
47,10:45:55,10.35,--,2,2070,卖盘
48,10:45:25,10.35,--,10,10350,卖盘
49,10:44:50,10.35,--,10,10350,卖盘
50,10:44:40,10.35,--,10,10350,卖盘
51,10:43:45,10.35,--,5,5175,卖盘
52,10:43:40,10.35,--,10,10350,卖盘
53,10:42:05,10.35,--,10,10350,卖盘
54,10:41:25,10.35,--,1,1035,卖盘
55,10:39:59,10.35,--,3,3105,卖盘
56,10:39:04,10.35,--,10,10350,卖盘
57,10:36:29,10.35,--,10,10350,卖盘
58,10:35:29,10.35,--,10,10350,卖盘
59,10:33:49,10.35,--,10,10350,卖盘
60,10:33:23,10.35,--,10,10350,卖盘
61,10:26:12,10.35,--,7,7245,卖盘
62,10:24:25,10.35,--,5,5175,卖盘
63,10:23:25,10.35,--,4,4140,卖盘
64,10:17:46,10.35,--,10,10350,卖盘
65,10:17:04,10.35,--,10,10350,卖盘
66,10:16:40,10.35,--,10,10350,卖盘
67,10:14:16,10.35,--,3,3105,卖盘
68,10:09:49,10.35,--,4,4140,卖盘
69,10:08:19,10.35,--,10,10350,卖盘
70,10:06:40,10.35,--,10,10350,卖盘
71,10:05:34,10.35,--,10,10350,卖盘
72,10:02:43,10.35,--,20,20700,卖盘
73,10:02:13,10.35,--,5,5175,卖盘
74,10:00:22,10.35,--,10,10350,卖盘
75,09:57:48,10.35,--,10,10350,卖盘
76,09:57:18,10.35,--,10,10350,卖盘
77,09:51:22,10.35,--,1,1035,卖盘
78,09:50:37,10.35,--,10,10350,卖盘
79,09:50:12,10.35,--,2,2070,卖盘
80,09:46:46,10.35,--,5,5175,卖盘
81,09:44:51,10.35,--,5,5175,卖盘
82,09:43:51,10.35,--,10,10350,卖盘
83,09:42:40,10.35,--,20,20700,卖盘
84,09:42:31,10.35,--,10,10350,卖盘
85,09:41:46,10.35,--,3,3105,卖盘
86,09:41:40,10.35,--,10,10350,卖盘
87,09:41:25,10.35,--,5,5175,卖盘
88,09:40:31,10.35,--,1,1035,卖盘
89,09:40:25,10.35,--,5,5175,卖盘
90,09:40:19,10.35,--,5,5175,卖盘
91,09:39:55,10.35,--,2,2070,卖盘
92,09:39:40,10.35,--,10,10350,卖盘
93,09:39:25,10.35,--,5,5175,卖盘
94,09:39:04,10.35,--,5,5175,卖盘
95,09:38:34,10.35,--,10,10350,卖盘
96,09:38:15,10.35,--,8,8280,卖盘
97,09:38:10,10.35,--,14,14490,卖盘
98,09:38:04,10.35,--,3,3105,卖盘
99,09:38:00,10.35,--,20,20700,卖盘
100,09:37:34,10.35,--,10,10350,卖盘
101,09:37:04,10.35,--,6,6210,卖盘
102,09:37:00,10.35,--,10,10350,卖盘
103,09:36:34,10.35,--,10,10350,卖盘
104,09:36:30,10.35,--,4,4140,卖盘
105,09:36:10,10.35,--,10,10350,卖盘
106,09:35:30,10.35,--,10,10350,卖盘
107,09:35:15,10.35,--,6,6210,卖盘
108,09:35:09,10.35,--,5,5175,卖盘
109,09:34:54,10.35,--,10,10350,卖盘
110,09:34:39,10.35,--,10,10350,卖盘
111,09:34:30,10.35,--,15,15525,卖盘
112,09:34:09,10.35,--,10,10350,卖盘
113,09:32:57,10.35,--,5,5175,卖盘
114,09:32:42,10.35,--,2,2070,卖盘
115,09:32:39,10.35,--,5,5175,卖盘
116,09:32:27,10.35,--,4,4140,卖盘
117,09:31:48,10.35,--,10,10350,卖盘
118,09:31:18,10.35,--,3,3105,卖盘
119,09:31:12,10.35,--,5,5175,卖盘
120,09:31:03,10.35,--,10,10350,卖盘
121,09:30:54,10.35,--,10,10350,卖盘
122,09:30:48,10.35,--,18,18630,卖盘
123,09:30:42,10.35,--,10,10350,卖盘
124,09:30:39,10.35,--,10,10350,卖盘
125,09:30:18,10.35,--,20,20700,卖盘
126,09:30:09,10.35,--,72,74520,卖盘
127,09:30:03,10.35,--,11,11385,卖盘
128,09:28:46,10.35,--,0,0,卖盘
129,09:25:06,10.35,10.35,348,360180,卖盘
