,time,price,change,volume,amount,type
0,15:00:24,10.76,-0.01,8963,9645091,卖盘
1,14:57:36,10.77,--,0,0,买盘
2,14:57:05,10.77,0.01,14,16111,卖盘
3,14:56:59,10.76,--,41,44159,卖盘
4,14:56:56,10.76,--,260,279760,卖盘
5,14:56:53,10.76,--,50,53800,卖盘
6,14:56:50,10.76,0.01,2609,2808101,买盘
7,14:56:47,10.75,0.01,135,145168,中性盘
8,14:56:44,10.74,-0.01,238,256643,卖盘
9,14:56:41,10.75,--,1807,1942568,买盘
10,14:56:38,10.75,0.01,86,92450,买盘
11,14:56:35,10.74,-0.01,74,79476,卖盘
12,14:56:32,10.75,--,40,43000,买盘
13,14:56:29,10.75,0.01,322,347182,买盘
14,14:56:26,10.74,--,222,238428,卖盘
15,14:56:23,10.74,0.01,372,399785,买盘
16,14:56:17,10.73,-0.01,1656,1777746,卖盘
17,14:56:11,10.74,--,284,306047,卖盘
18,14:56:08,10.74,--,28,30072,卖盘
19,14:56:05,10.74,-0.02,158,169692,卖盘
20,14:56:02,10.76,0.02,2248,2419106,买盘
21,14:55:56,10.74,--,70,75180,卖盘
22,14:55:53,10.74,0.01,102,109548,中性盘
23,14:55:50,10.73,--,2074,2225402,卖盘
24,14:55:47,10.73,--,290,312200,卖盘
25,14:55:44,10.73,--,10,10730,卖盘
26,14:55:41,10.73,--,50,53650,卖盘
27,14:55:38,10.73,--,396,424908,卖盘
28,14:55:32,10.73,--,190,203870,卖盘
29,14:55:29,10.73,0.02,786,843378,买盘
30,14:55:26,10.71,0.01,54,57834,卖盘
31,14:55:23,10.7,-0.02,1450,1551500,卖盘
32,14:55:20,10.72,--,157,168346,卖盘
33,14:55:17,10.72,0.01,1607,1723690,买盘
34,14:55:14,10.71,-0.01,129,139144,卖盘
35,14:55:05,10.72,0.02,2462,2640035,买盘
36,14:55:02,10.7,--,38,40660,卖盘
37,14:54:59,10.7,--,182,195767,卖盘
38,14:54:56,10.7,--,1288,1378160,买盘
39,14:54:53,10.7,--,179,191572,买盘
40,14:54:47,10.7,--,83,88852,买盘
41,14:54:44,10.7,--,189,203214,买盘
42,14:54:41,10.7,--,476,509319,买盘
43,14:54:38,10.7,--,91,97412,买盘
44,14:54:35,10.7,--,687,735132,卖盘
45,14:54:32,10.7,-0.01,354,379807,卖盘
46,14:54:29,10.71,0.01,54,58862,买盘
47,14:54:26,10.7,-0.01,109,116672,卖盘
48,14:54:23,10.71,--,446,477666,买盘
49,14:54:20,10.71,0.01,4,4284,买盘
50,14:54:17,10.7,--,1792,1918467,买盘
51,14:54:14,10.7,0.01,266,284705,买盘
52,14:54:11,10.69,-0.02,72,76968,卖盘
53,14:54:08,10.71,0.01,324,348032,买盘
54,14:54:05,10.7,--,272,291981,买盘
55,14:53:59,10.7,-0.01,1673,1790152,卖盘
56,14:53:56,10.71,--,32,35300,买盘
57,14:53:53,10.71,--,5,5397,买盘
58,14:53:50,10.71,-0.01,627,671731,卖盘
59,14:53:44,10.72,0.01,78,84645,买盘
60,14:53:41,10.71,--,556,595476,卖盘
61,14:53:38,10.71,--,221,236733,卖盘
62,14:53:35,10.71,-0.01,148,159536,卖盘
63,14:53:32,10.72,--,107,114746,买盘
64,14:53:29,10.72,--,526,564901,买盘
65,14:53:26,10.72,--,74,80185,买盘
66,14:53:23,10.72,--,68,72896,买盘
67,14:53:20,10.72,--,35,37562,买盘
68,14:53:17,10.72,--,4,4288,买盘
69,14:53:14,10.72,--,122,130784,卖盘
70,14:53:11,10.72,0.03,20,21440,买盘
71,14:53:08,10.69,-0.01,1060,1134166,卖盘
72,14:53:05,10.7,-0.03,810,866700,卖盘
73,14:53:02,10.73,0.01,117,125583,买盘
74,14:52:59,10.72,--,1420,1522240,卖盘
75,14:52:56,10.72,--,52,55744,卖盘
76,14:52:53,10.72,--,217,232666,买盘
77,14:52:47,10.72,0.02,1793,1922138,买盘
78,14:52:44,10.7,--,244,262107,卖盘
79,14:52:41,10.7,--,19,20372,卖盘
80,14:52:38,10.7,--,76,82347,卖盘
81,14:52:35,10.7,--,119,127372,卖盘
82,14:52:32,10.7,--,369,395814,卖盘
83,14:52:29,10.7,--,269,287872,卖盘
84,14:52:26,10.7,--,29,31072,卖盘
85,14:52:23,10.7,--,329,352158,买盘
86,14:52:20,10.7,--,597,639688,买盘
87,14:52:17,10.7,--,405,433478,买盘
88,14:52:14,10.7,-0.01,411,439812,卖盘
89,14:52:11,10.71,0.01,374,400554,买盘
90,14:52:08,10.7,--,212,226839,买盘
91,14:52:05,10.7,-0.02,875,937234,卖盘
92,14:52:02,10.72,0.02,17,18266,买盘
93,14:51:59,10.7,--,468,500759,买盘
94,14:51:56,10.7,--,14,14979,买盘
95,14:51:53,10.7,--,1138,1217660,卖盘
96,14:51:47,10.7,-0.01,20,21400,卖盘
97,14:51:44,10.71,0.01,6,6426,中性盘
98,14:51:38,10.7,--,334,357380,买盘
99,14:51:35,10.7,--,158,169060,买盘
100,14:51:32,10.7,-0.03,771,825012,卖盘
101,14:51:29,10.73,0.01,196,211338,买盘
102,14:51:26,10.72,0.01,691,740794,买盘
103,14:51:23,10.71,--,1288,1380476,卖盘
104,14:51:20,10.71,-0.01,86,92106,卖盘
105,14:51:14,10.72,0.01,1659,1778490,买盘
106,14:51:11,10.71,0.01,244,262352,买盘
107,14:51:08,10.7,-0.01,121,129512,卖盘
108,14:51:05,10.71,--,278,298766,买盘
109,14:51:02,10.71,-0.01,43,46095,中性盘
110,14:50:59,10.72,0.01,940,1007680,买盘
111,14:50:56,10.71,-0.01,58,62118,卖盘
112,14:50:53,10.72,--,96,103941,买盘
113,14:50:50,10.72,--,10,10720,买盘
114,14:50:47,10.72,-0.01,68,72896,卖盘
115,14:50:44,10.73,--,133,142751,卖盘
116,14:50:41,10.73,0.02,98,105154,买盘
117,14:50:38,10.71,-0.01,3033,3248343,卖盘
118,14:50:35,10.72,-0.02,997,1068784,卖盘
119,14:50:29,10.74,0.01,38,40812,买盘
120,14:50:26,10.73,--,68,72964,买盘
121,14:50:23,10.73,--,15,16095,买盘
122,14:50:20,10.73,-0.01,928,996645,卖盘
123,14:50:17,10.74,--,58,62292,买盘
124,14:50:14,10.74,-0.01,236,253464,卖盘
125,14:50:11,10.75,--,147,158025,买盘
126,14:50:05,10.75,--,1058,1137350,买盘
127,14:50:02,10.75,--,179,192425,买盘
128,14:49:59,10.75,--,870,935250,买盘
129,14:49:53,10.75,--,154,165550,买盘
130,14:49:50,10.75,--,92,98900,买盘
131,14:49:47,10.75,--,45,48375,买盘
132,14:49:44,10.75,--,789,849164,卖盘
133,14:49:38,10.75,--,178,191350,卖盘
134,14:49:29,10.75,-0.02,900,967500,卖盘
135,14:49:29,10.77,--,1053,1134167,买盘
136,14:49:17,10.77,--,25,26925,买盘
137,14:49:14,10.77,-0.01,264,284328,卖盘
138,14:49:11,10.78,--,60,64679,买盘
139,14:49:08,10.78,0.01,7,7546,买盘
140,14:49:05,10.77,-0.01,738,794826,卖盘
141,14:49:02,10.78,--,229,246861,买盘
142,14:48:59,10.78,--,54,58212,买盘
143,14:48:56,10.78,0.01,571,615538,买盘
144,14:48:53,10.77,-0.02,410,441570,卖盘
145,14:48:50,10.79,--,10,10790,买盘
146,14:48:47,10.79,--,105,113294,买盘
147,14:48:44,10.79,--,15,16184,买盘
148,14:48:41,10.79,--,135,145665,买盘
149,14:48:38,10.79,0.01,132,142428,买盘
150,14:48:35,10.78,-0.02,200,215600,卖盘
151,14:48:32,10.8,--,40,43200,买盘
152,14:48:29,10.8,0.02,134,144720,买盘
153,14:48:26,10.78,-0.02,67,72226,卖盘
154,14:48:23,10.8,0.01,166,179280,买盘
155,14:48:20,10.79,--,117,126242,买盘
156,14:48:17,10.79,-0.01,29,31290,中性盘
157,14:48:11,10.8,--,142,153360,买盘
158,14:48:08,10.8,--,38,41040,买盘
159,14:48:05,10.8,--,102,110160,买盘
160,14:48:02,10.8,0.02,27,29160,买盘
161,14:47:59,10.78,--,106,114268,卖盘
162,14:47:56,10.78,-0.02,102,109956,卖盘
163,14:47:50,10.8,--,123,132840,卖盘
164,14:47:47,10.8,0.02,1017,1098360,买盘
165,14:47:44,10.78,--,71,76538,买盘
166,14:47:41,10.78,0.01,31,33418,买盘
167,14:47:38,10.77,--,33,35541,卖盘
168,14:47:35,10.77,-0.01,97,104469,卖盘
169,14:47:32,10.78,--,70,75460,卖盘
170,14:47:29,10.78,--,94,101332,买盘
171,14:47:26,10.78,0.01,5,5390,买盘
172,14:47:23,10.77,--,13,14001,卖盘
173,14:47:20,10.77,-0.01,50,53850,卖盘
174,14:47:17,10.78,0.01,336,362208,买盘
175,14:47:14,10.77,--,123,132471,买盘
176,14:47:11,10.77,-0.01,269,289713,卖盘
177,14:47:08,10.78,0.01,188,202664,买盘
178,14:47:02,10.77,-0.01,172,185244,卖盘
179,14:46:59,10.78,--,5,5390,买盘
180,14:46:56,10.78,0.01,94,101332,买盘
181,14:46:53,10.77,--,41,44157,买盘
182,14:46:50,10.77,--,96,103392,买盘
183,14:46:47,10.77,--,630,678510,买盘
184,14:46:41,10.77,--,37,39849,买盘
185,14:46:38,10.77,--,149,160473,买盘
186,14:46:35,10.77,0.01,994,1070538,买盘
187,14:46:32,10.76,--,169,181844,卖盘
188,14:46:29,10.76,-0.01,58,62408,卖盘
189,14:46:26,10.77,0.01,344,370488,买盘
190,14:46:23,10.76,--,13,13988,卖盘
191,14:46:20,10.76,-0.01,27,29052,卖盘
192,14:46:17,10.77,--,120,129240,买盘
193,14:46:14,10.77,--,122,131394,买盘
194,14:46:11,10.77,--,232,249864,买盘
195,14:46:08,10.77,--,62,66774,买盘
196,14:46:05,10.77,0.01,243,261711,买盘
197,14:46:02,10.76,-0.01,93,100068,卖盘
198,14:45:59,10.77,0.02,93,100161,买盘
199,14:45:53,10.75,--,1456,1565415,卖盘
200,14:45:50,10.75,--,166,178450,卖盘
201,14:45:47,10.75,-0.01,245,263375,卖盘
202,14:45:44,10.76,0.01,12,12912,买盘
203,14:45:41,10.75,--,48,51600,卖盘
204,14:45:38,10.75,--,488,525632,买盘
205,14:45:35,10.75,0.01,247,265525,买盘
206,14:45:32,10.74,-0.01,418,448932,卖盘
207,14:45:29,10.75,--,288,309600,买盘
208,14:45:26,10.75,--,269,289175,买盘
209,14:45:23,10.75,0.01,172,184900,买盘
210,14:45:20,10.74,--,172,184728,买盘
211,14:45:17,10.74,--,68,73032,买盘
212,14:45:14,10.74,--,93,99882,买盘
213,14:45:11,10.74,-0.01,101,108474,卖盘
214,14:45:08,10.75,0.01,223,239725,买盘
215,14:45:05,10.74,-0.01,746,801204,卖盘
216,14:44:59,10.75,--,747,803025,买盘
217,14:44:56,10.75,-0.02,1916,2059700,卖盘
218,14:44:50,10.77,0.01,44,47388,买盘
219,14:44:44,10.76,--,130,139880,买盘
220,14:44:41,10.76,--,54,58104,买盘
221,14:44:38,10.76,0.01,177,190452,买盘
222,14:44:35,10.75,-0.01,257,276275,卖盘
223,14:44:32,10.76,0.01,563,605788,买盘
224,14:44:29,10.75,--,2,2150,卖盘
225,14:44:26,10.75,--,1402,1507150,卖盘
226,14:44:23,10.75,--,81,87075,卖盘
227,14:44:20,10.75,--,382,410650,买盘
228,14:44:14,10.75,--,110,118250,买盘
229,14:44:11,10.75,0.01,219,235425,买盘
230,14:44:05,10.74,-0.04,1068,1147032,卖盘
231,14:44:02,10.78,0.04,42,45276,买盘
232,14:43:59,10.74,0.01,44,47256,中性盘
233,14:43:56,10.73,-0.02,2084,2236132,卖盘
234,14:43:53,10.75,--,61,65575,买盘
235,14:43:50,10.75,0.02,854,918050,买盘
236,14:43:47,10.73,-0.02,23,24679,中性盘
237,14:43:44,10.75,--,79,84925,买盘
238,14:43:41,10.75,--,235,252625,买盘
239,14:43:38,10.75,-0.01,507,545025,买盘
240,14:43:35,10.76,0.02,551,592876,买盘
241,14:43:29,10.74,--,88,94512,买盘
242,14:43:26,10.74,-0.01,458,491892,卖盘
243,14:43:23,10.75,--,340,365500,卖盘
244,14:43:17,10.75,--,313,336475,卖盘
245,14:43:14,10.75,--,225,241875,卖盘
246,14:43:11,10.75,0.01,368,395600,买盘
247,14:43:08,10.74,--,33,35442,买盘
248,14:43:05,10.74,0.04,378,405972,买盘
249,14:43:02,10.7,--,307,328490,卖盘
250,14:42:59,10.7,-0.04,175,187250,卖盘
251,14:42:56,10.74,0.02,520,558480,买盘
252,14:42:53,10.72,-0.03,207,221904,卖盘
253,14:42:50,10.75,0.05,492,528900,买盘
254,14:42:47,10.7,--,1194,1277580,买盘
255,14:42:44,10.7,-0.05,1538,1645660,卖盘
256,14:42:41,10.75,0.01,39,41925,买盘
257,14:42:38,10.74,-0.03,5269,5658906,卖盘
258,14:42:35,10.77,--,804,865908,买盘
259,14:42:32,10.77,0.01,658,708666,买盘
260,14:42:29,10.76,--,553,595028,卖盘
261,14:42:23,10.76,0.01,241,259316,买盘
262,14:42:20,10.75,-0.01,359,385925,卖盘
263,14:42:17,10.76,-0.01,131,140956,中性盘
264,14:42:14,10.77,--,34,36618,买盘
265,14:42:11,10.77,0.02,518,557886,买盘
266,14:42:08,10.75,-0.01,438,470850,卖盘
267,14:42:05,10.76,--,207,222732,卖盘
268,14:42:02,10.76,--,185,199748,卖盘
269,14:41:59,10.76,--,411,442279,买盘
270,14:41:56,10.76,0.01,542,584224,买盘
271,14:41:53,10.75,-0.01,223,240112,卖盘
272,14:41:50,10.76,--,541,582116,卖盘
273,14:41:47,10.76,-0.01,647,696172,卖盘
274,14:41:44,10.77,--,139,149703,买盘
275,14:41:41,10.77,0.01,405,436185,买盘
276,14:41:38,10.76,--,186,200824,卖盘
277,14:41:35,10.76,-0.01,97,104415,卖盘
278,14:41:32,10.77,0.01,20,21540,买盘
279,14:41:29,10.76,-0.01,206,222688,卖盘
280,14:41:26,10.77,--,328,353256,卖盘
281,14:41:23,10.77,--,174,187398,卖盘
282,14:41:20,10.77,--,152,163704,卖盘
283,14:41:14,10.77,--,129,138976,卖盘
284,14:41:11,10.77,--,208,225049,卖盘
285,14:41:08,10.77,--,259,278986,卖盘
286,14:41:05,10.77,-0.01,68,74269,卖盘
287,14:41:02,10.78,--,91,98141,买盘
288,14:40:59,10.78,-0.01,1070,1153460,卖盘
289,14:40:56,10.79,-0.01,422,456373,卖盘
290,14:40:53,10.8,--,61,65923,买盘
291,14:40:50,10.8,--,170,184636,买盘
292,14:40:47,10.8,--,250,270388,卖盘
293,14:40:44,10.8,--,152,164160,卖盘
294,14:40:41,10.8,--,296,320673,卖盘
295,14:40:38,10.8,-0.01,145,156600,卖盘
296,14:40:35,10.81,--,231,249711,买盘
297,14:40:32,10.81,0.01,40,43240,买盘
298,14:40:29,10.8,-0.01,162,174960,卖盘
299,14:40:26,10.81,-0.01,535,578335,卖盘
300,14:40:23,10.82,0.01,1,1082,买盘
301,14:40:20,10.81,0.01,417,450777,买盘
302,14:40:17,10.8,-0.01,1651,1783080,卖盘
303,14:40:14,10.81,-0.01,26,28106,卖盘
304,14:40:11,10.82,--,128,138496,买盘
305,14:40:05,10.82,0.01,393,426048,买盘
306,14:40:02,10.81,-0.01,64,70221,卖盘
307,14:39:59,10.82,0.01,31,33585,买盘
308,14:39:56,10.81,-0.01,162,175122,卖盘
309,14:39:53,10.82,0.01,198,214236,买盘
310,14:39:50,10.81,-0.01,154,167511,买盘
311,14:39:47,10.82,0.01,169,182901,买盘
312,14:39:44,10.81,0.01,118,128595,买盘
313,14:39:41,10.8,-0.01,279,301363,卖盘
314,14:39:38,10.81,--,116,125396,买盘
315,14:39:35,10.81,-0.01,282,305879,卖盘
316,14:39:32,10.82,0.01,29,31421,买盘
317,14:39:29,10.81,0.01,316,341596,中性盘
318,14:39:26,10.8,-0.01,426,460080,卖盘
319,14:39:23,10.81,0.01,54,59411,中性盘
320,14:39:20,10.8,--,944,1019520,卖盘
321,14:39:17,10.8,-0.01,366,395280,卖盘
322,14:39:14,10.81,-0.01,85,91928,卖盘
323,14:39:11,10.82,0.01,324,350568,买盘
324,14:39:08,10.81,-0.01,416,449696,卖盘
325,14:39:05,10.82,0.02,1036,1120952,买盘
326,14:39:02,10.8,--,662,714960,卖盘
327,14:38:56,10.8,-0.01,612,660960,卖盘
328,14:38:53,10.81,--,392,423752,买盘
329,14:38:50,10.81,0.01,18,20495,买盘
330,14:38:47,10.8,--,809,873763,卖盘
331,14:38:44,10.8,-0.01,290,314236,卖盘
332,14:38:38,10.81,--,507,548110,买盘
333,14:38:32,10.81,--,1820,1968025,卖盘
334,14:38:29,10.81,-0.01,202,219399,卖盘
335,14:38:26,10.82,--,657,710917,买盘
336,14:38:23,10.82,--,48,52974,买盘
337,14:38:20,10.82,-0.02,202,218564,卖盘
338,14:38:17,10.84,--,78,84552,买盘
339,14:38:14,10.84,--,5,5463,买盘
340,14:38:11,10.84,0.01,22,24888,买盘
341,14:38:08,10.83,-0.01,3595,3893861,卖盘
342,14:38:05,10.84,--,105,113863,买盘
343,14:38:02,10.84,--,142,154968,买盘
344,14:37:59,10.84,-0.01,268,290512,卖盘
345,14:37:56,10.85,--,239,259358,买盘
346,14:37:53,10.85,--,88,95480,买盘
347,14:37:47,10.85,0.01,66,72651,买盘
348,14:37:44,10.84,--,64,69376,卖盘
349,14:37:41,10.84,-0.01,224,242816,卖盘
350,14:37:38,10.85,0.01,45,48868,买盘
351,14:37:35,10.84,--,112,122448,卖盘
352,14:37:32,10.84,-0.01,92,99728,卖盘
353,14:37:29,10.85,--,20,21700,买盘
354,14:37:26,10.85,0.01,63,68398,买盘
355,14:37:23,10.84,-0.02,354,383736,卖盘
356,14:37:20,10.86,0.01,28,30408,买盘
357,14:37:17,10.85,-0.01,40,43400,卖盘
358,14:37:14,10.86,--,30,32580,买盘
359,14:37:11,10.86,--,70,77062,买盘
360,14:37:08,10.86,0.02,180,195480,买盘
361,14:37:05,10.84,-0.02,169,183239,卖盘
362,14:37:02,10.86,-0.01,78,85750,卖盘
363,14:36:59,10.87,--,3377,3670842,买盘
364,14:36:56,10.87,0.01,166,181485,买盘
365,14:36:53,10.86,-0.01,65,70633,卖盘
366,14:36:50,10.87,--,20,21740,买盘
367,14:36:46,10.87,--,20,22783,买盘
368,14:36:43,10.87,--,92,100004,买盘
369,14:36:37,10.87,0.01,42,45654,买盘
370,14:36:34,10.86,-0.02,69,74977,卖盘
371,14:36:31,10.88,0.01,184,200192,买盘
372,14:36:28,10.87,0.01,172,186964,买盘
373,14:36:25,10.86,--,96,104256,卖盘
374,14:36:22,10.86,-0.01,352,383314,卖盘
375,14:36:16,10.87,--,178,193486,买盘
376,14:36:13,10.87,0.01,10,10870,中性盘
377,14:36:10,10.86,-0.01,146,158556,卖盘
378,14:36:07,10.87,--,95,103308,买盘
379,14:36:04,10.87,--,98,106525,买盘
380,14:36:01,10.87,--,76,82612,买盘
381,14:35:58,10.87,--,26,29305,买盘
382,14:35:55,10.87,--,186,202182,卖盘
383,14:35:52,10.87,-0.01,2,2174,卖盘
384,14:35:49,10.88,0.01,52,56576,买盘
385,14:35:46,10.87,--,80,86960,卖盘
386,14:35:43,10.87,-0.01,22,23914,卖盘
387,14:35:40,10.88,0.01,495,538603,买盘
388,14:35:37,10.87,-0.02,84,91308,卖盘
389,14:35:34,10.89,0.01,78,85987,买盘
390,14:35:28,10.88,-0.01,392,426496,卖盘
391,14:35:25,10.89,0.02,30,32670,买盘
392,14:35:22,10.87,-0.01,147,159832,卖盘
393,14:35:19,10.88,-0.01,62,67456,卖盘
394,14:35:16,10.89,0.01,56,62029,买盘
395,14:35:13,10.88,-0.01,217,236139,卖盘
396,14:35:10,10.89,--,142,154638,买盘
397,14:35:07,10.89,--,110,120835,买盘
398,14:35:04,10.89,--,92,100188,买盘
399,14:35:01,10.89,--,21,22912,买盘
400,14:34:58,10.89,--,4,5401,买盘
401,14:34:55,10.89,0.02,20,21780,买盘
402,14:34:52,10.87,-0.02,168,182616,卖盘
403,14:34:49,10.89,--,96,104544,卖盘
404,14:34:46,10.89,-0.01,54,58806,卖盘
405,14:34:43,10.9,--,28,30520,买盘
406,14:34:40,10.9,0.01,17,18573,买盘
407,14:34:37,10.89,--,68,75097,卖盘
408,14:34:34,10.89,-0.01,2829,3080824,卖盘
409,14:34:31,10.9,0.01,112,123126,买盘
410,14:34:28,10.89,-0.02,281,307054,卖盘
411,14:34:25,10.91,0.01,381,415758,买盘
412,14:34:19,10.9,--,84,91560,买盘
413,14:34:16,10.9,--,114,125306,买盘
414,14:34:13,10.9,--,49,53453,买盘
415,14:34:10,10.9,--,226,246340,买盘
416,14:34:07,10.9,-0.01,292,319282,卖盘
417,14:34:04,10.91,--,89,97099,买盘
418,14:34:01,10.91,0.01,274,298934,买盘
419,14:33:58,10.9,--,276,300840,卖盘
420,14:33:55,10.9,-0.01,32,34880,卖盘
421,14:33:52,10.91,--,291,317481,买盘
422,14:33:49,10.91,-0.01,21,22911,卖盘
423,14:33:46,10.92,--,55,60060,买盘
424,14:33:43,10.92,--,80,87360,买盘
425,14:33:40,10.92,--,20,21840,买盘
426,14:33:37,10.92,0.01,29,31668,买盘
427,14:33:34,10.91,-0.01,179,195289,卖盘
428,14:33:31,10.92,0.01,20,21840,买盘
429,14:33:28,10.91,0.01,14,15274,卖盘
430,14:33:25,10.9,--,243,264870,卖盘
431,14:33:22,10.9,-0.01,90,98100,卖盘
432,14:33:19,10.91,--,90,98190,卖盘
433,14:33:13,10.91,0.01,36,40192,买盘
434,14:33:07,10.9,-0.01,454,494860,卖盘
435,14:33:04,10.91,0.01,143,156013,买盘
436,14:33:01,10.9,--,13,14170,卖盘
437,14:32:55,10.9,--,68,74338,买盘
438,14:32:52,10.9,--,312,340080,买盘
439,14:32:49,10.9,0.01,108,117720,买盘
440,14:32:46,10.89,--,230,250470,卖盘
441,14:32:43,10.89,-0.01,176,191664,卖盘
442,14:32:40,10.9,--,20,21800,买盘
443,14:32:37,10.9,0.02,744,810960,买盘
444,14:32:34,10.88,-0.01,228,248064,卖盘
445,14:32:31,10.89,--,95,103498,买盘
446,14:32:28,10.89,0.01,48,53317,中性盘
447,14:32:25,10.88,--,30,32640,卖盘
448,14:32:22,10.88,-0.01,185,201323,卖盘
449,14:32:19,10.89,--,140,153505,卖盘
450,14:32:16,10.89,--,80,87120,卖盘
451,14:32:13,10.89,--,75,81718,买盘
452,14:32:10,10.89,0.01,10,10890,买盘
453,14:32:07,10.88,-0.01,248,269824,卖盘
454,14:32:04,10.89,--,28,30492,买盘
455,14:31:58,10.89,0.02,16,17424,买盘
456,14:31:55,10.87,-0.03,292,317404,卖盘
457,14:31:52,10.9,0.03,152,165680,买盘
458,14:31:49,10.87,-0.03,286,310882,卖盘
459,14:31:46,10.9,0.03,202,221226,买盘
460,14:31:43,10.87,--,896,973951,卖盘
461,14:31:40,10.87,0.01,342,371754,中性盘
462,14:31:34,10.86,-0.02,564,612504,卖盘
463,14:31:31,10.88,0.01,486,528768,买盘
464,14:31:28,10.87,-0.01,199,216356,卖盘
465,14:31:25,10.88,0.01,108,117504,买盘
466,14:31:22,10.87,--,306,332622,买盘
467,14:31:19,10.87,--,144,157571,买盘
468,14:31:16,10.87,--,83,90264,买盘
469,14:31:13,10.87,-0.01,1886,2051125,中性盘
470,14:31:10,10.88,0.01,418,454784,买盘
471,14:31:07,10.87,-0.02,74,80438,卖盘
472,14:31:04,10.89,0.02,132,143748,买盘
473,14:31:01,10.87,-0.01,189,205486,卖盘
474,14:30:58,10.88,--,900,979200,卖盘
475,14:30:55,10.88,-0.01,210,229524,卖盘
476,14:30:49,10.89,0.01,268,291852,买盘
477,14:30:46,10.88,--,333,362347,卖盘
478,14:30:43,10.88,--,676,736532,卖盘
479,14:30:40,10.88,-0.01,249,270955,卖盘
480,14:30:37,10.89,0.01,74,81631,买盘
481,14:30:34,10.88,-0.01,253,275307,卖盘
482,14:30:31,10.89,--,80,87120,卖盘
483,14:30:28,10.89,--,348,380017,卖盘
484,14:30:25,10.89,-0.01,232,252648,卖盘
485,14:30:22,10.9,0.01,315,343393,买盘
486,14:30:19,10.89,--,74,80586,卖盘
487,14:30:16,10.89,-0.01,194,212311,卖盘
488,14:30:13,10.9,--,152,165680,买盘
489,14:30:10,10.9,0.01,91,99233,买盘
490,14:30:07,10.89,-0.01,112,123013,卖盘
491,14:30:04,10.9,--,786,856740,买盘
492,14:30:01,10.9,-0.01,1440,1569774,卖盘
493,14:29:58,10.91,0.01,2226,2428566,买盘
494,14:29:55,10.9,--,274,298660,卖盘
495,14:29:52,10.9,--,305,332450,卖盘
496,14:29:49,10.9,--,216,235440,卖盘
497,14:29:46,10.9,-0.01,124,135160,卖盘
498,14:29:40,10.91,0.01,192,209472,买盘
499,14:29:37,10.9,--,393,428370,卖盘
500,14:29:34,10.9,--,319,347710,卖盘
501,14:29:31,10.9,-0.01,257,280130,卖盘
502,14:29:28,10.91,0.01,182,198562,买盘
503,14:29:25,10.9,-0.01,54,58860,卖盘
504,14:29:22,10.91,0.01,63,68733,中性盘
505,14:29:19,10.9,--,186,202740,卖盘
506,14:29:16,10.9,--,34,37060,卖盘
507,14:29:13,10.9,--,288,313920,卖盘
508,14:29:10,10.9,--,620,675800,卖盘
509,14:29:07,10.9,--,98,106820,卖盘
510,14:29:04,10.9,-0.01,408,444720,卖盘
511,14:28:58,10.91,--,1403,1530673,买盘
512,14:28:55,10.91,-0.01,108,117828,中性盘
513,14:28:52,10.92,--,519,566748,买盘
514,14:28:49,10.92,--,543,592956,买盘
515,14:28:46,10.92,0.02,412,449904,买盘
516,14:28:43,10.9,--,634,691060,卖盘
517,14:28:40,10.9,--,130,141700,卖盘
518,14:28:37,10.9,-0.01,2268,2472120,卖盘
519,14:28:31,10.91,--,19,20729,买盘
520,14:28:28,10.91,0.01,640,698240,买盘
521,14:28:25,10.9,-0.01,731,796790,卖盘
522,14:28:22,10.91,--,342,373122,买盘
523,14:28:19,10.91,0.01,180,196380,买盘
524,14:28:16,10.9,-0.01,122,132980,卖盘
525,14:28:13,10.91,--,110,120010,买盘
526,14:28:10,10.91,--,84,91644,买盘
527,14:28:07,10.91,--,30,32730,买盘
528,14:28:04,10.91,-0.01,430,469130,卖盘
529,14:28:01,10.92,0.01,413,450996,买盘
530,14:27:58,10.91,--,297,324027,卖盘
531,14:27:55,10.91,--,575,627325,卖盘
532,14:27:52,10.91,--,34,37094,卖盘
533,14:27:49,10.91,--,95,103645,卖盘
534,14:27:46,10.91,--,251,273841,卖盘
535,14:27:43,10.91,--,171,186561,卖盘
536,14:27:40,10.91,--,32,34912,卖盘
537,14:27:37,10.91,--,113,123283,卖盘
538,14:27:31,10.91,0.01,30,32730,中性盘
539,14:27:28,10.9,-0.01,162,176580,卖盘
540,14:27:22,10.91,0.01,443,484011,买盘
541,14:27:19,10.9,-0.01,869,947602,卖盘
542,14:27:16,10.91,--,152,165832,卖盘
543,14:27:10,10.91,--,1001,1092091,卖盘
544,14:27:07,10.91,--,65,70915,卖盘
545,14:27:04,10.91,-0.01,1056,1152096,卖盘
546,14:27:01,10.92,--,3308,3612336,买盘
547,14:26:58,10.92,--,72,78624,买盘
548,14:26:55,10.92,0.01,153,167076,买盘
549,14:26:52,10.91,-0.02,1088,1187051,卖盘
550,14:26:49,10.93,0.01,68,75373,买盘
551,14:26:46,10.92,-0.01,96,104832,卖盘
552,14:26:43,10.93,0.01,20,21860,买盘
553,14:26:37,10.92,--,30,32760,卖盘
554,14:26:34,10.92,--,35,38263,卖盘
555,14:26:31,10.92,-0.01,50,54600,卖盘
556,14:26:28,10.93,--,210,229530,买盘
557,14:26:25,10.93,0.01,64,69952,买盘
558,14:26:22,10.92,-0.01,52,56784,卖盘
559,14:26:19,10.93,--,16,17488,买盘
560,14:26:13,10.93,0.01,52,56836,买盘
561,14:26:10,10.92,-0.01,28,31624,卖盘
562,14:26:07,10.93,0.01,108,118044,买盘
563,14:26:04,10.92,--,1041,1136815,卖盘
564,14:26:01,10.92,-0.01,44,49096,卖盘
565,14:25:58,10.93,0.01,46,51327,买盘
566,14:25:55,10.92,--,239,261031,卖盘
567,14:25:52,10.92,-0.01,16,18520,卖盘
568,14:25:49,10.93,--,126,137718,买盘
569,14:25:46,10.93,--,73,79832,卖盘
570,14:25:43,10.93,-0.01,2,3235,卖盘
571,14:25:40,10.94,0.01,65,71153,买盘
572,14:25:37,10.93,--,80,88489,卖盘
573,14:25:34,10.93,--,7,7694,卖盘
574,14:25:31,10.93,--,6,7607,卖盘
575,14:25:28,10.93,--,217,237224,卖盘
576,14:25:22,10.93,--,30,33839,卖盘
577,14:25:19,10.93,--,123,134482,卖盘
578,14:25:16,10.93,-0.01,32,36025,卖盘
579,14:25:13,10.94,--,32,35008,买盘
580,14:25:10,10.94,0.01,21,23017,买盘
581,14:25:04,10.93,-0.01,32,36025,卖盘
582,14:24:58,10.94,0.02,15,16453,买盘
583,14:24:55,10.92,-0.01,202,221632,卖盘
584,14:24:52,10.93,--,150,163993,买盘
585,14:24:46,10.93,--,17,18581,买盘
586,14:24:43,10.93,--,111,121323,买盘
587,14:24:40,10.93,-0.01,491,537712,卖盘
588,14:24:37,10.94,0.01,77,84281,买盘
589,14:24:31,10.93,-0.01,30,32790,卖盘
590,14:24:28,10.94,0.01,40,44810,买盘
591,14:24:25,10.93,--,182,198969,卖盘
592,14:24:22,10.93,--,41,44813,卖盘
593,14:24:19,10.93,-0.01,23,25139,卖盘
594,14:24:16,10.94,0.01,97,106118,买盘
595,14:24:07,10.93,--,766,837238,卖盘
596,14:24:04,10.93,--,290,316970,卖盘
597,14:24:01,10.93,--,36,39348,卖盘
598,14:23:55,10.93,--,18,19674,卖盘
599,14:23:52,10.93,--,149,162857,卖盘
600,14:23:49,10.93,--,134,146462,卖盘
601,14:23:46,10.93,--,14,15302,卖盘
602,14:23:40,10.93,0.01,165,180345,买盘
603,14:23:37,10.92,-0.01,104,113568,卖盘
604,14:23:34,10.93,--,12,13116,买盘
605,14:23:28,10.93,0.01,230,251390,买盘
606,14:23:19,10.92,--,9,9828,卖盘
607,14:23:16,10.92,--,110,120120,卖盘
608,14:23:10,10.92,-0.01,104,113568,卖盘
609,14:23:07,10.93,0.02,109,119137,买盘
610,14:23:04,10.91,-0.01,387,422217,卖盘
611,14:22:58,10.92,--,164,179088,卖盘
612,14:22:55,10.92,-0.02,194,211848,卖盘
613,14:22:52,10.94,--,137,150534,买盘
614,14:22:49,10.94,0.02,432,472608,买盘
615,14:22:43,10.92,--,28,30576,卖盘
616,14:22:40,10.92,-0.01,301,328692,卖盘
617,14:22:37,10.93,0.01,31,33883,卖盘
618,14:22:34,10.92,-0.01,223,243516,卖盘
619,14:22:28,10.93,0.01,41,44813,买盘
620,14:22:25,10.92,-0.02,152,165984,卖盘
621,14:22:22,10.94,--,468,511992,买盘
622,14:22:19,10.94,0.01,22,24068,买盘
623,14:22:16,10.93,--,134,146462,卖盘
624,14:22:13,10.93,--,4,4372,卖盘
625,14:22:10,10.93,-0.01,56,61208,卖盘
626,14:22:07,10.94,0.01,257,281158,买盘
627,14:22:04,10.93,--,12,13116,卖盘
628,14:22:01,10.93,-0.01,100,109300,卖盘
629,14:21:58,10.94,0.01,1,1094,买盘
630,14:21:55,10.93,-0.01,225,246362,卖盘
631,14:21:52,10.94,-0.01,3,3282,卖盘
632,14:21:49,10.95,0.01,85,93075,买盘
633,14:21:46,10.94,--,500,547000,卖盘
634,14:21:43,10.94,--,65,71110,卖盘
635,14:21:40,10.94,0.01,395,432786,买盘
636,14:21:34,10.93,0.01,103,112579,买盘
637,14:21:31,10.92,-0.01,31,33852,卖盘
638,14:21:28,10.93,--,64,69952,买盘
639,14:21:25,10.93,0.01,47,51371,买盘
640,14:21:22,10.92,-0.02,1376,1502592,卖盘
641,14:21:19,10.94,0.01,2,2188,买盘
642,14:21:16,10.93,-0.01,57,62301,卖盘
643,14:21:13,10.94,0.01,28,30632,买盘
644,14:21:10,10.93,-0.01,59,64487,卖盘
645,14:21:07,10.94,--,102,111588,卖盘
646,14:21:04,10.94,--,35,38290,卖盘
647,14:21:01,10.94,--,10,10940,卖盘
648,14:20:58,10.94,0.01,477,521838,买盘
649,14:20:52,10.93,-0.02,21,22953,卖盘
650,14:20:49,10.95,0.01,1795,1965524,买盘
651,14:20:43,10.94,-0.01,29,31726,卖盘
652,14:20:40,10.95,--,57,62414,买盘
653,14:20:37,10.95,0.01,35,38325,买盘
654,14:20:31,10.94,--,74,80956,卖盘
655,14:20:25,10.94,--,164,179416,卖盘
656,14:20:22,10.94,--,301,329381,卖盘
657,14:20:19,10.94,--,154,169526,卖盘
658,14:20:16,10.94,--,306,334764,卖盘
659,14:20:13,10.94,-0.01,4,4376,卖盘
660,14:20:10,10.95,0.01,135,147868,买盘
661,14:20:07,10.94,--,30,32820,卖盘
662,14:20:04,10.94,-0.01,274,300806,卖盘
663,14:20:01,10.95,0.01,11,12088,买盘
664,14:19:58,10.94,--,116,127954,卖盘
665,14:19:55,10.94,--,160,175040,卖盘
666,14:19:52,10.94,--,47,51461,卖盘
667,14:19:49,10.94,--,40,43760,卖盘
668,14:19:46,10.94,--,22,24068,卖盘
669,14:19:43,10.94,--,34,37196,卖盘
670,14:19:40,10.94,--,22,24068,卖盘
671,14:19:37,10.94,-0.02,1856,2030989,卖盘
672,14:19:34,10.96,0.01,1,1096,买盘
673,14:19:28,10.95,-0.01,116,127019,卖盘
674,14:19:25,10.96,--,203,222488,买盘
675,14:19:22,10.96,0.01,21,23016,买盘
676,14:19:16,10.95,-0.01,9,9855,卖盘
677,14:19:13,10.96,--,491,538136,卖盘
678,14:19:10,10.96,-0.01,33,36168,卖盘
679,14:19:07,10.97,--,57,62529,买盘
680,14:19:04,10.97,--,77,84469,买盘
681,14:19:01,10.97,-0.01,28,30716,中性盘
682,14:18:58,10.98,--,179,196542,买盘
683,14:18:55,10.98,0.02,10,10980,买盘
684,14:18:52,10.96,-0.01,31,33976,卖盘
685,14:18:49,10.97,--,24,26328,卖盘
686,14:18:46,10.97,--,60,65820,卖盘
687,14:18:43,10.97,--,29,31813,卖盘
688,14:18:40,10.97,--,44,48268,卖盘
689,14:18:37,10.97,-0.01,77,84469,卖盘
690,14:18:31,10.98,0.01,4,4392,买盘
691,14:18:28,10.97,--,16,17552,卖盘
692,14:18:25,10.97,--,80,87760,卖盘
693,14:18:22,10.97,--,100,109700,卖盘
694,14:18:19,10.97,-0.02,42,46074,卖盘
695,14:18:10,10.99,0.02,652,716548,买盘
696,14:18:04,10.97,--,9,9873,卖盘
697,14:18:01,10.97,--,91,99827,卖盘
698,14:17:58,10.97,--,92,100924,卖盘
699,14:17:52,10.97,--,18,19746,卖盘
700,14:17:46,10.97,-0.02,19,20843,卖盘
701,14:17:37,10.99,0.01,115,126385,买盘
702,14:17:34,10.98,--,10,10980,卖盘
703,14:17:28,10.98,--,116,127368,卖盘
704,14:17:24,10.98,--,18,19764,卖盘
705,14:17:21,10.98,--,4,4392,卖盘
706,14:17:18,10.98,-0.01,34,37332,卖盘
707,14:17:15,10.99,--,1,1099,买盘
708,14:17:09,10.99,0.01,20,21980,买盘
709,14:17:06,10.98,-0.01,7,7686,卖盘
710,14:16:48,10.99,--,13,14287,卖盘
711,14:16:45,10.99,--,14,15386,卖盘
712,14:16:42,10.99,--,148,162652,买盘
713,14:16:39,10.99,0.01,35,38465,买盘
714,14:16:36,10.98,--,15,16470,卖盘
715,14:16:33,10.98,-0.01,28,30744,卖盘
716,14:16:30,10.99,0.01,12,13188,买盘
717,14:16:27,10.98,-0.01,169,185562,卖盘
718,14:16:24,10.99,--,10,10990,买盘
719,14:16:21,10.99,--,200,219800,买盘
720,14:16:18,10.99,--,33,36267,买盘
721,14:16:15,10.99,--,11,12089,买盘
722,14:16:12,10.99,--,1,1099,买盘
723,14:16:09,10.99,--,101,110999,买盘
724,14:16:06,10.99,--,8,8792,买盘
725,14:16:03,10.99,--,116,127484,买盘
726,14:16:00,10.99,--,4,4396,卖盘
727,14:15:57,10.99,--,95,104405,买盘
728,14:15:54,10.99,--,2,2198,买盘
729,14:15:51,10.99,0.01,100,109900,买盘
730,14:15:45,10.98,-0.01,22,24156,卖盘
731,14:15:42,10.99,--,76,83524,买盘
732,14:15:39,10.99,0.01,20,21980,买盘
733,14:15:36,10.98,-0.01,55,60390,卖盘
734,14:15:33,10.99,--,42,46158,买盘
735,14:15:30,10.99,-0.01,42,46158,卖盘
736,14:15:27,11.0,0.01,123,135300,买盘
737,14:15:24,10.99,0.01,18,19782,买盘
738,14:15:18,10.98,--,15,16470,卖盘
739,14:15:15,10.98,-0.01,9,9882,卖盘
740,14:15:12,10.99,0.04,139,152761,买盘
741,14:15:09,10.95,-0.03,3335,3651824,卖盘
742,14:15:06,10.98,--,174,191052,卖盘
743,14:15:03,10.98,--,25,27450,卖盘
744,14:14:57,10.98,-0.01,15,16470,卖盘
745,14:14:54,10.99,--,5,5495,买盘
746,14:14:51,10.99,0.01,1,1099,买盘
747,14:14:48,10.98,0.01,14,15372,中性盘
748,14:14:42,10.97,-0.02,1259,1381123,卖盘
749,14:14:39,10.99,--,355,390145,买盘
750,14:14:33,10.99,0.01,25,27475,买盘
751,14:14:27,10.98,-0.01,294,322812,卖盘
752,14:14:21,10.99,0.01,51,56049,买盘
753,14:14:18,10.98,-0.01,300,329400,卖盘
754,14:14:15,10.99,0.01,160,175840,买盘
755,14:14:12,10.98,-0.01,33,36234,卖盘
756,14:14:09,10.99,0.01,50,54950,买盘
757,14:14:06,10.98,--,30,32940,卖盘
758,14:14:03,10.98,-0.01,21,23058,卖盘
759,14:14:00,10.99,--,64,70336,买盘
760,14:13:57,10.99,--,34,37366,买盘
761,14:13:54,10.99,--,106,116494,买盘
762,14:13:51,10.99,0.01,8,8792,买盘
763,14:13:48,10.98,-0.01,21,23058,卖盘
764,14:13:42,10.99,--,48,52752,卖盘
765,14:13:39,10.99,--,136,149464,卖盘
766,14:13:36,10.99,--,8,8792,卖盘
767,14:13:33,10.99,--,9,9891,卖盘
768,14:13:30,10.99,0.01,157,172543,买盘
769,14:13:27,10.98,--,18,19764,卖盘
770,14:13:21,10.98,--,100,109800,卖盘
771,14:13:15,10.98,--,23,25254,卖盘
772,14:13:09,10.98,--,20,21960,卖盘
773,14:13:06,10.98,-0.01,16,17568,卖盘
774,14:13:03,10.99,0.01,67,73633,买盘
775,14:12:57,10.98,-0.01,15,16470,卖盘
776,14:12:54,10.99,--,100,109900,买盘
777,14:12:48,10.99,--,19,20881,买盘
778,14:12:45,10.99,--,5,5495,买盘
779,14:12:42,10.99,0.01,23,25277,买盘
780,14:12:39,10.98,-0.01,16,18622,卖盘
781,14:12:36,10.99,-0.01,7,7736,卖盘
782,14:12:30,11.0,0.01,24,27456,买盘
783,14:12:27,10.99,--,115,126428,卖盘
784,14:12:24,10.99,--,30,34025,卖盘
785,14:12:21,10.99,-0.01,1,1142,卖盘
786,14:12:15,11.0,--,54,59400,买盘
787,14:12:12,11.0,--,21,23100,买盘
788,14:12:09,11.0,--,839,922900,买盘
789,14:12:06,11.0,0.01,41,45100,买盘
790,14:12:03,10.99,--,13,14287,卖盘
791,14:11:57,10.99,--,14,15386,卖盘
792,14:11:48,10.99,--,15,16485,卖盘
793,14:11:39,10.99,--,9,9891,买盘
794,14:11:36,10.99,--,11,12089,卖盘
795,14:11:30,10.99,--,8,8792,卖盘
796,14:11:27,10.99,--,57,62643,买盘
797,14:11:21,10.99,0.01,45,49455,买盘
798,14:11:18,10.98,--,99,108702,卖盘
799,14:11:15,10.98,-0.01,18,19764,卖盘
800,14:11:12,10.99,--,35,38465,买盘
801,14:11:06,10.99,0.01,481,528619,买盘
802,14:11:03,10.98,-0.01,423,464454,卖盘
803,14:10:57,10.99,--,57,62643,买盘
804,14:10:54,10.99,--,55,60445,卖盘
805,14:10:51,10.99,--,29,31871,买盘
806,14:10:48,10.99,0.01,5,5495,中性盘
807,14:10:45,10.98,-0.01,305,334890,卖盘
808,14:10:42,10.99,--,5,5495,买盘
809,14:10:39,10.99,0.01,36,39564,中性盘
810,14:10:36,10.98,-0.01,788,865224,卖盘
811,14:10:33,10.99,-0.01,29,31871,卖盘
812,14:10:30,11.0,0.02,42,46200,买盘
813,14:10:27,10.98,--,214,234972,卖盘
814,14:10:21,10.98,--,177,194697,买盘
815,14:10:18,10.98,--,667,732366,买盘
816,14:10:12,10.98,-0.01,193,212660,卖盘
817,14:10:09,10.99,-0.01,14,15386,卖盘
818,14:10:06,11.0,0.02,152,167200,买盘
819,14:09:57,10.98,--,133,146034,卖盘
820,14:09:54,10.98,--,10,10980,卖盘
821,14:09:51,10.98,-0.02,9,9882,卖盘
822,14:09:48,11.0,0.02,98,107800,买盘
823,14:09:45,10.98,-0.01,77,84546,卖盘
824,14:09:42,10.99,--,108,119043,买盘
825,14:09:39,10.99,--,36,39564,买盘
826,14:09:36,10.99,--,766,841834,买盘
827,14:09:33,10.99,--,24,26376,买盘
828,14:09:30,10.99,--,21,23079,买盘
829,14:09:27,10.99,--,52,57148,买盘
830,14:09:24,10.99,--,20,21980,买盘
831,14:09:21,10.99,--,124,136276,买盘
832,14:09:18,10.99,0.01,62,68138,买盘
833,14:09:15,10.98,0.01,172,188856,买盘
834,14:09:12,10.97,--,136,149192,卖盘
835,14:09:09,10.97,-0.01,15,16455,卖盘
836,14:09:06,10.98,0.01,34,37332,买盘
837,14:08:57,10.97,--,14,15358,卖盘
838,14:08:54,10.97,--,27,29619,买盘
839,14:08:51,10.97,--,707,775579,卖盘
840,14:08:45,10.97,-0.01,14,15358,卖盘
841,14:08:42,10.98,0.01,2,2196,买盘
842,14:08:39,10.97,--,15,16455,卖盘
843,14:08:33,10.97,--,7,7679,卖盘
844,14:08:30,10.97,--,2,2194,卖盘
845,14:08:27,10.97,--,14,15358,卖盘
846,14:08:18,10.97,--,14,15358,卖盘
847,14:08:15,10.97,--,18,19746,卖盘
848,14:08:09,10.97,--,50,54850,卖盘
849,14:08:06,10.97,-0.02,28,30716,卖盘
850,14:08:00,10.99,0.02,699,768201,买盘
851,14:07:57,10.97,--,14,15358,卖盘
852,14:07:54,10.97,-0.01,5,5485,卖盘
853,14:07:51,10.98,0.01,35,38430,买盘
854,14:07:45,10.97,-0.01,41,44977,卖盘
855,14:07:36,10.98,0.01,3145,3453561,买盘
856,14:07:33,10.97,-0.01,26,29267,卖盘
857,14:07:30,10.98,0.01,66,72819,买盘
858,14:07:27,10.97,-0.01,64,70208,卖盘
859,14:07:24,10.98,0.01,20,21960,买盘
860,14:07:18,10.97,--,40,43880,卖盘
861,14:07:15,10.97,-0.01,20,21940,卖盘
862,14:07:12,10.98,0.01,103,113094,买盘
863,14:07:09,10.97,--,75,82275,卖盘
864,14:07:06,10.97,--,27,29619,卖盘
865,14:07:00,10.97,--,1,1097,卖盘
866,14:06:57,10.97,--,19,20843,卖盘
867,14:06:51,10.97,0.01,3,3291,买盘
868,14:06:48,10.96,-0.01,290,317840,卖盘
869,14:06:45,10.97,0.01,115,126155,买盘
870,14:06:39,10.96,--,14,15344,卖盘
871,14:06:36,10.96,-0.01,18,19728,卖盘
872,14:06:24,10.97,0.01,46,50462,买盘
873,14:06:21,10.96,--,187,204952,买盘
874,14:06:18,10.96,0.01,81,88776,买盘
875,14:06:15,10.95,-0.01,25,27375,卖盘
876,14:06:12,10.96,--,5,5480,买盘
877,14:06:09,10.96,--,50,54800,买盘
878,14:06:06,10.96,0.01,3,3288,买盘
879,14:06:03,10.95,-0.01,14,15329,卖盘
880,14:06:00,10.96,--,200,219200,买盘
881,14:05:57,10.96,--,10,10960,买盘
882,14:05:54,10.96,--,55,60280,买盘
883,14:05:51,10.96,--,10,10960,买盘
884,14:05:45,10.96,--,43,47128,买盘
885,14:05:42,10.96,--,469,514024,卖盘
886,14:05:36,10.96,-0.01,7,7672,卖盘
887,14:05:33,10.97,--,35,38395,买盘
888,14:05:30,10.97,-0.01,95,104215,卖盘
889,14:05:27,10.98,--,11,12078,买盘
890,14:05:24,10.98,0.01,1,1098,买盘
891,14:05:15,10.97,--,44,48268,卖盘
892,14:05:12,10.97,-0.01,12,13164,卖盘
893,14:05:09,10.98,0.01,30,32940,买盘
894,14:05:06,10.97,--,3,3291,卖盘
895,14:05:03,10.97,-0.01,17,18649,卖盘
896,14:05:00,10.98,--,2,2196,买盘
897,14:04:57,10.98,0.01,20,21960,买盘
898,14:04:54,10.97,--,20,21940,卖盘
899,14:04:51,10.97,--,20,21940,卖盘
900,14:04:45,10.97,-0.01,100,109700,卖盘
901,14:04:42,10.98,0.02,64,70272,买盘
902,14:04:39,10.96,-0.02,105,115080,卖盘
903,14:04:36,10.98,0.01,66,72468,买盘
904,14:04:33,10.97,-0.01,122,133834,卖盘
905,14:04:27,10.98,--,51,55998,买盘
906,14:04:24,10.98,0.02,163,178974,买盘
907,14:04:21,10.96,--,20,21920,卖盘
908,14:04:18,10.96,-0.02,361,395656,卖盘
909,14:04:12,10.98,--,1,1098,买盘
910,14:04:09,10.98,0.02,52,57096,买盘
911,14:04:03,10.96,--,27,29592,卖盘
912,14:04:00,10.96,--,50,54800,卖盘
913,14:03:54,10.96,--,5,5480,卖盘
914,14:03:48,10.96,-0.01,269,294824,卖盘
915,14:03:45,10.97,0.01,105,115185,买盘
916,14:03:42,10.96,--,772,846112,买盘
917,14:03:36,10.96,--,175,191800,买盘
918,14:03:33,10.96,--,20,21920,买盘
919,14:03:30,10.96,--,25,27400,买盘
920,14:03:27,10.96,--,11,12056,买盘
921,14:03:24,10.96,--,573,628008,卖盘
922,14:03:21,10.96,--,30,32880,卖盘
923,14:03:18,10.96,--,59,64664,卖盘
924,14:03:15,10.96,--,2,2192,卖盘
925,14:03:09,10.96,--,3,3288,卖盘
926,14:03:06,10.96,--,13,14248,卖盘
927,14:03:03,10.96,0.01,5,5480,卖盘
928,14:03:00,10.95,-0.01,114,124829,卖盘
929,14:02:54,10.96,--,96,105216,买盘
930,14:02:51,10.96,--,10,10960,买盘
931,14:02:48,10.96,0.01,9,9864,买盘
932,14:02:45,10.95,-0.01,10,10950,卖盘
933,14:02:42,10.96,--,105,115080,买盘
934,14:02:39,10.96,0.01,26,28496,买盘
935,14:02:36,10.95,-0.01,17,18615,卖盘
936,14:02:33,10.96,--,189,207144,买盘
937,14:02:27,10.96,--,21,23016,买盘
938,14:02:24,10.96,--,4,4384,买盘
939,14:02:21,10.96,--,522,572112,买盘
940,14:02:18,10.96,--,302,330992,买盘
941,14:02:15,10.96,0.01,2,2192,买盘
942,14:02:12,10.95,-0.01,101,110595,卖盘
943,14:02:09,10.96,--,10,10960,买盘
944,14:02:06,10.96,0.01,157,172072,买盘
945,14:02:03,10.95,-0.01,1,1095,卖盘
946,14:02:00,10.96,--,218,238928,买盘
947,14:01:57,10.96,--,144,157824,买盘
948,14:01:54,10.96,--,105,115080,买盘
949,14:01:48,10.96,--,25,27400,买盘
950,14:01:45,10.96,-0.01,669,733224,卖盘
951,14:01:42,10.97,--,264,289608,卖盘
952,14:01:36,10.97,0.02,202,221594,买盘
953,14:01:33,10.95,--,7,7664,卖盘
954,14:01:30,10.95,-0.04,2,2190,卖盘
955,14:01:24,10.99,0.02,761,836339,买盘
956,14:01:21,10.97,0.01,84,92148,买盘
957,14:01:18,10.96,-0.01,20,21920,中性盘
958,14:01:12,10.97,0.02,389,426733,买盘
959,14:01:09,10.95,--,100,109500,卖盘
960,14:01:06,10.95,--,27,29564,卖盘
961,14:01:00,10.95,-0.01,145,158775,卖盘
962,14:00:57,10.96,0.01,9,9864,买盘
963,14:00:54,10.95,-0.01,96,105120,卖盘
964,14:00:51,10.96,-0.01,55,60718,卖盘
965,14:00:48,10.97,0.01,77,84469,买盘
966,14:00:45,10.96,--,125,137000,卖盘
967,14:00:36,10.96,--,23,25208,卖盘
968,14:00:33,10.96,-0.01,1058,1159568,卖盘
969,14:00:30,10.97,--,20,21940,买盘
970,14:00:27,10.97,--,120,131640,买盘
971,14:00:24,10.97,--,278,304966,买盘
972,14:00:21,10.97,--,15,16455,买盘
973,14:00:18,10.97,--,890,976330,卖盘
974,14:00:15,10.97,--,9,9873,卖盘
975,14:00:12,10.97,-0.01,64,70208,卖盘
976,14:00:09,10.98,--,44,48312,买盘
977,14:00:06,10.98,--,201,220698,卖盘
978,14:00:03,10.98,--,26,28548,卖盘
979,14:00:00,10.98,--,385,422730,卖盘
980,13:59:54,10.98,--,1,1098,卖盘
981,13:59:51,10.98,--,50,54900,卖盘
982,13:59:48,10.98,--,10,10980,卖盘
983,13:59:45,10.98,--,22,24156,卖盘
984,13:59:39,10.98,--,6,6588,卖盘
985,13:59:36,10.98,-0.01,61,66978,卖盘
986,13:59:33,10.99,--,19,20881,买盘
987,13:59:27,10.99,0.01,10,10990,买盘
988,13:59:24,10.98,--,20,21960,卖盘
989,13:59:18,10.98,--,10,10980,卖盘
990,13:59:15,10.98,-0.01,9,9882,卖盘
991,13:59:12,10.99,--,9,9891,中性盘
992,13:59:09,10.99,-0.01,20,21980,中性盘
993,13:58:54,11.0,0.01,125,137500,买盘
994,13:58:51,10.99,--,38,41762,卖盘
995,13:58:48,10.99,--,7,7693,买盘
996,13:58:45,10.99,-0.01,9,9891,卖盘
997,13:58:42,11.0,0.01,1,1100,买盘
998,13:58:36,10.99,0.01,1,1099,中性盘
999,13:58:33,10.98,--,400,439200,卖盘
1000,13:58:27,10.98,-0.02,75,82350,卖盘
1001,13:58:18,11.0,0.02,699,768900,买盘
1002,13:58:15,10.98,--,9,9882,卖盘
1003,13:58:12,10.98,-0.01,300,329400,卖盘
1004,13:58:06,10.99,0.01,20,21980,买盘
1005,13:57:59,10.98,-0.01,211,231678,卖盘
1006,13:57:53,10.99,0.01,8,8792,买盘
1007,13:57:41,10.98,-0.02,10,10980,卖盘
1008,13:57:38,11.0,0.01,5,5500,买盘
1009,13:57:35,10.99,-0.01,5,5495,买盘
1010,13:57:32,11.0,0.01,690,759000,买盘
1011,13:57:29,10.99,-0.01,582,640541,卖盘
1012,13:57:20,11.0,0.01,13,14300,买盘
1013,13:57:17,10.99,-0.01,9,9891,卖盘
1014,13:57:08,11.0,0.01,45,49500,买盘
1015,13:57:05,10.99,-0.01,49,53851,卖盘
1016,13:56:59,11.0,0.01,90,99000,买盘
1017,13:56:56,10.99,--,551,605724,买盘
1018,13:56:53,10.99,--,106,116494,买盘
1019,13:56:47,10.99,--,10,10990,买盘
1020,13:56:44,10.99,--,10,10990,买盘
1021,13:56:23,10.99,--,2,2198,买盘
1022,13:56:20,10.99,0.01,111,121989,买盘
1023,13:56:17,10.98,--,9,9882,卖盘
1024,13:56:14,10.98,-0.01,18,19764,卖盘
1025,13:56:11,10.99,--,92,102031,卖盘
1026,13:56:08,10.99,--,5,5495,卖盘
1027,13:56:05,10.99,-0.01,100,109900,卖盘
1028,13:56:02,11.0,0.01,3,3300,买盘
1029,13:55:56,10.99,--,4,4396,卖盘
1030,13:55:50,10.99,-0.01,457,502243,卖盘
1031,13:55:44,11.0,--,10,11000,买盘
1032,13:55:38,11.0,0.01,206,226600,买盘
1033,13:55:32,10.99,--,37,40663,卖盘
1034,13:55:26,10.99,--,121,132979,卖盘
1035,13:55:23,10.99,0.01,560,615615,买盘
1036,13:55:17,10.98,--,9,9882,卖盘
1037,13:55:08,10.98,-0.01,5,5490,卖盘
1038,13:55:05,10.99,--,145,159355,卖盘
1039,13:55:02,10.99,--,240,263760,卖盘
1040,13:54:59,10.99,--,15,16485,卖盘
1041,13:54:56,10.99,--,149,163751,卖盘
1042,13:54:53,10.99,--,10,10990,卖盘
1043,13:54:47,10.99,--,124,136276,卖盘
1044,13:54:44,10.99,--,500,549500,卖盘
1045,13:54:41,10.99,--,1,1099,卖盘
1046,13:54:38,10.99,--,23,25277,卖盘
1047,13:54:35,10.99,--,57,62643,卖盘
1048,13:54:32,10.99,-0.01,50,54950,卖盘
1049,13:54:26,11.0,--,32,35200,买盘
1050,13:54:17,11.0,--,57,63492,卖盘
1051,13:54:14,11.0,--,1,1100,卖盘
1052,13:54:11,11.0,--,30,33000,卖盘
1053,13:54:08,11.0,--,30,33000,卖盘
1054,13:54:02,11.0,-0.01,1,1100,卖盘
1055,13:53:59,11.01,0.01,29,31929,买盘
1056,13:53:53,11.0,--,29,31900,卖盘
1057,13:53:50,11.0,-0.01,300,330000,卖盘
1058,13:53:44,11.01,--,32,35232,买盘
1059,13:53:38,11.01,--,34,37434,买盘
1060,13:53:35,11.01,--,38,41838,卖盘
1061,13:53:32,11.01,0.01,13,14313,买盘
1062,13:53:29,11.0,-0.02,27,29700,卖盘
1063,13:53:26,11.02,0.02,150,165300,买盘
1064,13:53:23,11.0,--,570,627000,卖盘
1065,13:53:17,11.0,-0.01,46,50600,卖盘
1066,13:53:14,11.01,0.01,5,5505,中性盘
1067,13:53:11,11.0,--,1430,1573000,卖盘
1068,13:53:08,11.0,-0.01,40,44000,卖盘
1069,13:53:05,11.01,--,20,22020,买盘
1070,13:52:59,11.01,0.01,11,12111,中性盘
1071,13:52:56,11.0,-0.01,147,161700,卖盘
1072,13:52:47,11.01,--,417,459117,买盘
1073,13:52:38,11.01,0.01,4,4404,买盘
1074,13:52:35,11.0,-0.01,35,38500,卖盘
1075,13:52:26,11.01,0.01,7,7707,买盘
1076,13:52:20,11.0,-0.01,55,60500,卖盘
1077,13:52:17,11.01,0.01,5,5505,买盘
1078,13:52:14,11.0,--,176,193600,卖盘
1079,13:52:11,11.0,-0.01,26,28600,卖盘
1080,13:52:08,11.01,--,5,5505,买盘
1081,13:52:05,11.01,--,577,635277,卖盘
1082,13:52:02,11.01,-0.01,23,25323,卖盘
1083,13:51:59,11.02,0.01,73,80446,买盘
1084,13:51:50,11.01,-0.01,31,34131,卖盘
1085,13:51:47,11.02,--,25,27550,买盘
1086,13:51:44,11.02,--,10,11020,买盘
1087,13:51:41,11.02,0.01,20,22040,买盘
1088,13:51:38,11.01,--,29,31929,卖盘
1089,13:51:35,11.01,-0.01,8,8808,卖盘
1090,13:51:32,11.02,--,5,5510,买盘
1091,13:51:29,11.02,0.01,1,1102,买盘
1092,13:51:26,11.01,--,29,31929,卖盘
1093,13:51:20,11.01,--,2,2202,卖盘
1094,13:51:14,11.01,--,35,38535,卖盘
1095,13:51:11,11.01,--,1,1101,卖盘
1096,13:51:08,11.01,--,5,5505,卖盘
1097,13:51:05,11.01,--,2,2202,卖盘
1098,13:51:02,11.01,-0.01,52,57252,卖盘
1099,13:50:59,11.02,0.01,64,70528,买盘
1100,13:50:56,11.01,--,8,8808,买盘
1101,13:50:53,11.01,-0.01,28,30828,中性盘
1102,13:50:47,11.02,0.02,20,22040,买盘
1103,13:50:44,11.0,-0.02,119,130900,卖盘
1104,13:50:41,11.02,0.01,50,55100,买盘
1105,13:50:38,11.01,--,39,42939,卖盘
1106,13:50:35,11.01,-0.01,3,3303,买盘
1107,13:50:32,11.02,0.01,107,117914,买盘
1108,13:50:29,11.01,--,25,27525,卖盘
1109,13:50:23,11.01,--,129,142029,卖盘
1110,13:50:17,11.01,-0.01,9,9909,卖盘
1111,13:50:14,11.02,0.01,47,51794,买盘
1112,13:50:08,11.01,--,30,33030,卖盘
1113,13:50:05,11.01,--,21,23121,卖盘
1114,13:49:56,11.01,0.01,26,28626,卖盘
1115,13:49:50,11.0,-0.02,38,41800,卖盘
1116,13:49:47,11.02,0.02,5,5510,买盘
1117,13:49:44,11.0,-0.02,215,236500,卖盘
1118,13:49:41,11.02,--,2,2204,买盘
1119,13:49:38,11.02,0.01,1,1102,买盘
1120,13:49:35,11.01,--,27,29727,卖盘
1121,13:49:29,11.01,--,46,50646,卖盘
1122,13:49:23,11.01,--,15,16515,卖盘
1123,13:49:17,11.01,--,39,42939,卖盘
1124,13:49:14,11.01,-0.01,32,35232,卖盘
1125,13:49:11,11.02,--,6,6612,买盘
1126,13:49:05,11.02,--,2,2204,买盘
1127,13:48:59,11.02,-0.01,30,33060,中性盘
1128,13:48:50,11.03,0.01,84,92652,买盘
1129,13:48:47,11.02,--,32,35264,卖盘
1130,13:48:44,11.02,--,1160,1278320,卖盘
1131,13:48:38,11.02,--,29,31958,卖盘
1132,13:48:35,11.02,-0.01,10,11020,卖盘
1133,13:48:32,11.03,0.01,60,66180,买盘
1134,13:48:26,11.02,--,30,33060,卖盘
1135,13:48:23,11.02,0.01,765,843030,买盘
1136,13:48:20,11.01,--,56,61656,卖盘
1137,13:48:11,11.01,-0.01,18,19818,中性盘
1138,13:48:08,11.02,--,143,157586,买盘
1139,13:48:05,11.02,0.02,64,70528,买盘
1140,13:48:02,11.0,-0.02,9,9900,卖盘
1141,13:47:56,11.02,0.02,730,804460,买盘
1142,13:47:47,11.0,--,25,27500,卖盘
1143,13:47:44,11.0,-0.01,4,4400,卖盘
1144,13:47:41,11.01,0.01,33,36333,买盘
1145,13:47:29,11.0,--,51,56100,卖盘
1146,13:47:26,11.0,-0.01,10,11000,卖盘
1147,13:47:23,11.01,--,5,5505,买盘
1148,13:47:20,11.01,0.01,63,69363,买盘
1149,13:47:17,11.0,--,9,9900,卖盘
1150,13:47:14,11.0,--,146,160600,卖盘
1151,13:47:11,11.0,--,320,352000,卖盘
1152,13:47:08,11.0,-0.01,15,16500,卖盘
1153,13:46:59,11.01,0.01,100,110100,买盘
1154,13:46:56,11.0,--,53,58300,卖盘
1155,13:46:53,11.0,-0.01,15,16500,卖盘
1156,13:46:47,11.01,--,29,31929,买盘
1157,13:46:38,11.01,0.01,3,3303,买盘
1158,13:46:35,11.0,-0.01,31,34100,卖盘
1159,13:46:29,11.01,0.01,31,34131,买盘
1160,13:46:23,11.0,--,41,45100,卖盘
1161,13:46:20,11.0,--,5,5500,卖盘
1162,13:46:17,11.0,--,9,9900,卖盘
1163,13:46:14,11.0,-0.01,430,473000,卖盘
1164,13:46:08,11.01,0.01,112,123312,买盘
1165,13:46:02,11.0,-0.01,177,194700,卖盘
1166,13:45:59,11.01,0.01,55,60555,买盘
1167,13:45:53,11.0,-0.01,38,41800,卖盘
1168,13:45:50,11.01,--,407,448107,卖盘
1169,13:45:41,11.01,--,28,30828,卖盘
1170,13:45:38,11.01,-0.01,20,22020,卖盘
1171,13:45:35,11.02,0.01,26,28652,买盘
1172,13:45:29,11.01,--,20,22020,卖盘
1173,13:45:26,11.01,-0.01,28,30828,卖盘
1174,13:45:23,11.02,0.01,1,1102,买盘
1175,13:45:20,11.01,-0.01,28,30828,卖盘
1176,13:45:17,11.02,0.01,186,204972,买盘
1177,13:45:14,11.01,-0.01,226,248826,卖盘
1178,13:45:08,11.02,0.01,20,22040,买盘
1179,13:45:05,11.01,-0.01,35,38535,卖盘
1180,13:45:02,11.02,--,155,170810,买盘
1181,13:44:59,11.02,0.01,563,620426,买盘
1182,13:44:56,11.01,-0.01,29,31929,卖盘
1183,13:44:53,11.02,--,45,49590,买盘
1184,13:44:50,11.02,--,20,22040,买盘
1185,13:44:47,11.02,0.01,560,617120,买盘
1186,13:44:44,11.01,--,167,183867,卖盘
1187,13:44:41,11.01,-0.01,93,102393,卖盘
1188,13:44:38,11.02,--,41,45182,买盘
1189,13:44:35,11.02,--,31,34162,买盘
1190,13:44:32,11.02,-0.01,340,374680,卖盘
1191,13:44:29,11.03,--,20,22060,买盘
1192,13:44:26,11.03,0.01,65,71695,买盘
1193,13:44:20,11.02,--,67,73834,卖盘
1194,13:44:17,11.02,--,1,1102,卖盘
1195,13:44:14,11.02,-0.01,13,14326,卖盘
1196,13:44:11,11.03,0.01,70,77210,买盘
1197,13:44:08,11.02,-0.01,55,60610,卖盘
1198,13:44:05,11.03,0.02,2,2206,买盘
1199,13:44:02,11.01,-0.01,129,142029,卖盘
1200,13:43:59,11.02,--,391,430882,买盘
1201,13:43:56,11.02,--,23,25346,买盘
1202,13:43:53,11.02,--,22,24244,买盘
1203,13:43:50,11.02,0.01,2,2204,买盘
1204,13:43:47,11.01,-0.01,48,52848,卖盘
1205,13:43:41,11.02,--,1,1102,买盘
1206,13:43:38,11.02,0.01,54,59508,买盘
1207,13:43:35,11.01,-0.01,51,56151,卖盘
1208,13:43:32,11.02,--,127,139954,买盘
1209,13:43:29,11.02,0.01,29,31958,买盘
1210,13:43:26,11.01,-0.01,33,36333,卖盘
1211,13:43:20,11.02,0.01,24,26448,买盘
1212,13:43:17,11.01,--,36,39636,卖盘
1213,13:43:08,11.01,0.01,1132,1246332,买盘
1214,13:43:02,11.0,--,27,29700,卖盘
1215,13:42:59,11.0,--,225,247808,买盘
1216,13:42:56,11.0,0.01,203,223300,买盘
1217,13:42:53,10.99,-0.01,492,540708,卖盘
1218,13:42:50,11.0,--,127,139700,买盘
1219,13:42:47,11.0,--,200,220000,买盘
1220,13:42:41,11.0,--,104,114400,买盘
1221,13:42:38,11.0,--,13,14300,买盘
1222,13:42:35,11.0,0.02,45,49500,买盘
1223,13:42:29,10.98,-0.01,61,66978,卖盘
1224,13:42:26,10.99,--,20,21980,卖盘
1225,13:42:23,10.99,--,8,8792,卖盘
1226,13:42:20,10.99,--,60,65940,卖盘
1227,13:42:17,10.99,--,9,9891,卖盘
1228,13:42:11,10.99,--,15,16485,卖盘
1229,13:42:08,10.99,-0.01,27,29673,卖盘
1230,13:42:02,11.0,0.01,12,13200,买盘
1231,13:41:59,10.99,--,4,4396,卖盘
1232,13:41:56,10.99,-0.01,62,68138,卖盘
1233,13:41:53,11.0,0.01,80,88000,买盘
1234,13:41:50,10.99,-0.01,200,219800,卖盘
1235,13:41:44,11.0,0.01,2,2200,买盘
1236,13:41:41,10.99,-0.01,56,61544,卖盘
1237,13:41:38,11.0,0.01,2,2200,买盘
1238,13:41:35,10.99,--,35,38465,卖盘
1239,13:41:32,10.99,--,39,42861,卖盘
1240,13:41:29,10.99,-0.01,22,24178,卖盘
1241,13:41:26,11.0,0.01,20,22000,买盘
1242,13:41:23,10.99,--,20,21980,卖盘
1243,13:41:20,10.99,-0.01,50,54950,卖盘
1244,13:41:17,11.0,--,34,37400,买盘
1245,13:41:14,11.0,--,25,27500,买盘
1246,13:41:11,11.0,--,49,53900,买盘
1247,13:41:08,11.0,--,70,77000,买盘
1248,13:41:02,11.0,0.01,118,129800,买盘
1249,13:40:59,10.99,--,90,98910,买盘
1250,13:40:56,10.99,--,201,220899,买盘
1251,13:40:50,10.99,--,38,41762,买盘
1252,13:40:47,10.99,--,50,54950,买盘
1253,13:40:44,10.99,--,754,828646,买盘
1254,13:40:41,10.99,0.01,120,131880,买盘
1255,13:40:35,10.98,0.01,86,94428,买盘
1256,13:40:32,10.97,-0.01,100,109700,卖盘
1257,13:40:29,10.98,-0.01,2,2196,卖盘
1258,13:40:26,10.99,0.02,11,12089,买盘
1259,13:40:23,10.97,-0.01,53,58141,卖盘
1260,13:40:17,10.98,-0.01,41,45018,卖盘
1261,13:40:14,10.99,0.02,31,34069,买盘
1262,13:40:11,10.97,-0.02,212,233134,卖盘
1263,13:40:08,10.99,0.02,13,14287,买盘
1264,13:40:05,10.97,--,94,103118,卖盘
1265,13:40:02,10.97,-0.02,27,29619,卖盘
1266,13:39:59,10.99,0.01,44,48356,买盘
1267,13:39:56,10.98,0.01,1,1098,中性盘
1268,13:39:50,10.97,-0.02,41,44977,卖盘
1269,13:39:44,10.99,0.02,115,126385,买盘
1270,13:39:38,10.97,-0.01,27,29619,卖盘
1271,13:39:35,10.98,--,42,46116,卖盘
1272,13:39:32,10.98,0.01,1,1098,买盘
1273,13:39:29,10.97,-0.02,200,219400,卖盘
1274,13:39:26,10.99,0.02,34,37366,买盘
1275,13:39:23,10.97,--,66,72489,卖盘
1276,13:39:17,10.97,-0.01,46,51515,卖盘
1277,13:39:14,10.98,0.01,1,1141,买盘
1278,13:39:11,10.97,-0.01,38,41686,卖盘
1279,13:39:08,10.98,0.01,362,398530,买盘
1280,13:39:05,10.97,--,106,116282,卖盘
1281,13:38:53,10.97,--,33,36244,卖盘
1282,13:38:47,10.97,--,10,12023,卖盘
1283,13:38:44,10.97,-0.01,29,31856,卖盘
1284,13:38:41,10.98,--,24,27406,买盘
1285,13:38:32,10.98,0.01,22,24156,买盘
1286,13:38:29,10.97,-0.01,27,29662,卖盘
1287,13:38:26,10.98,--,660,725734,买盘
1288,13:38:23,10.98,0.01,65,71413,买盘
1289,13:38:20,10.97,--,34,38351,卖盘
1290,13:38:16,10.97,-0.01,9,9916,卖盘
1291,13:38:13,10.98,0.01,10,10980,买盘
1292,13:38:07,10.97,--,60,65820,卖盘
1293,13:38:04,10.97,--,14,16411,卖盘
1294,13:38:01,10.97,-0.01,6,6582,卖盘
1295,13:37:58,10.98,--,85,93373,买盘
1296,13:37:52,10.98,0.01,10,10980,买盘
1297,13:37:46,10.97,-0.01,44,49321,卖盘
1298,13:37:43,10.98,0.01,1,1141,买盘
1299,13:37:37,10.97,-0.01,42,47127,卖盘
1300,13:37:31,10.98,0.01,6,6588,买盘
1301,13:37:28,10.97,--,102,111894,卖盘
1302,13:37:22,10.97,--,28,30716,卖盘
1303,13:37:13,10.97,0.01,10,10970,中性盘
1304,13:37:10,10.96,-0.01,54,59184,卖盘
1305,13:37:07,10.97,--,712,781064,买盘
1306,13:37:04,10.97,--,19,20886,买盘
1307,13:37:01,10.97,--,236,259945,买盘
1308,13:36:58,10.97,--,13,14304,买盘
1309,13:36:55,10.97,0.01,70,76790,买盘
1310,13:36:52,10.96,-0.01,238,261900,卖盘
1311,13:36:49,10.97,--,2,2194,买盘
1312,13:36:46,10.97,0.01,38,41686,买盘
1313,13:36:40,10.96,-0.01,127,139235,卖盘
1314,13:36:37,10.97,--,0,1053,买盘
1315,13:36:34,10.97,--,50,54850,买盘
1316,13:36:31,10.97,0.01,7,7722,买盘
1317,13:36:28,10.96,-0.01,58,63568,卖盘
1318,13:36:25,10.97,--,2,2194,买盘
1319,13:36:22,10.97,0.01,74,82231,买盘
1320,13:36:19,10.96,--,173,189651,卖盘
1321,13:36:13,10.96,-0.01,16,17536,卖盘
1322,13:36:10,10.97,--,14,16411,买盘
1323,13:36:07,10.97,0.01,2,2194,买盘
1324,13:36:04,10.96,-0.01,95,104163,卖盘
1325,13:35:58,10.97,--,20,21940,买盘
1326,13:35:55,10.97,--,822,902787,买盘
1327,13:35:52,10.97,--,20,21940,买盘
1328,13:35:49,10.97,0.01,57,62572,买盘
1329,13:35:46,10.96,-0.01,26,29548,卖盘
1330,13:35:43,10.97,--,148,162356,买盘
1331,13:35:40,10.97,--,19,20886,买盘
1332,13:35:37,10.97,--,1622,1779334,买盘
1333,13:35:34,10.97,--,162,177714,买盘
1334,13:35:31,10.97,--,4,4388,买盘
1335,13:35:25,10.97,--,196,216065,买盘
1336,13:35:22,10.97,--,91,99870,买盘
1337,13:35:19,10.97,--,40,43880,买盘
1338,13:35:16,10.97,0.01,44,49321,买盘
1339,13:35:13,10.96,-0.01,186,203856,卖盘
1340,13:35:10,10.97,--,386,423442,买盘
1341,13:35:01,10.97,0.01,20,21940,买盘
1342,13:34:58,10.96,-0.01,40,43840,卖盘
1343,13:34:55,10.97,--,10,10970,买盘
1344,13:34:52,10.97,0.01,46,50462,买盘
1345,13:34:49,10.96,-0.01,29,31827,卖盘
1346,13:34:46,10.97,--,142,155774,买盘
1347,13:34:43,10.97,--,252,277497,卖盘
1348,13:34:40,10.97,--,70,76790,卖盘
1349,13:34:34,10.97,-0.01,11,12110,卖盘
1350,13:34:31,10.98,0.02,26,29602,买盘
1351,13:34:28,10.96,-0.02,51,55939,卖盘
1352,13:34:25,10.98,--,70,77870,卖盘
1353,13:34:22,10.98,0.01,82,90079,买盘
1354,13:34:19,10.97,-0.01,29,31856,卖盘
1355,13:34:16,10.98,0.01,144,159166,买盘
1356,13:34:13,10.97,--,80,87760,买盘
1357,13:34:10,10.97,--,261,286360,卖盘
1358,13:34:07,10.97,-0.01,50,54850,卖盘
1359,13:34:04,10.98,--,62,69130,买盘
1360,13:34:01,10.98,--,11,12121,买盘
1361,13:33:58,10.98,0.01,200,220654,买盘
1362,13:33:52,10.97,-0.01,28,30716,卖盘
1363,13:33:49,10.98,--,42,46116,买盘
1364,13:33:46,10.98,--,3,3337,买盘
1365,13:33:43,10.98,0.01,22,25210,买盘
1366,13:33:40,10.97,-0.01,100,109700,卖盘
1367,13:33:37,10.98,--,158,173484,买盘
1368,13:33:31,10.98,--,57,62629,买盘
1369,13:33:28,10.98,--,100,109800,买盘
1370,13:33:25,10.98,--,186,205282,买盘
1371,13:33:22,10.98,--,1197,1314349,买盘
1372,13:33:19,10.98,0.01,42,46116,买盘
1373,13:33:16,10.97,-0.01,10,10970,卖盘
1374,13:33:13,10.98,0.01,6,6588,买盘
1375,13:33:10,10.97,-0.01,558,612126,卖盘
1376,13:33:07,10.98,0.01,2,3250,买盘
1377,13:33:04,10.97,-0.01,99,108646,卖盘
1378,13:33:01,10.98,0.01,142,155916,买盘
1379,13:32:58,10.97,--,164,180961,买盘
1380,13:32:55,10.97,--,38,41686,买盘
1381,13:32:52,10.97,--,72,78984,买盘
1382,13:32:49,10.97,--,125,137168,买盘
1383,13:32:43,10.97,--,20,21940,买盘
1384,13:32:40,10.97,--,4,4388,买盘
1385,13:32:37,10.97,0.01,40,43880,买盘
1386,13:32:34,10.96,-0.01,68,75580,卖盘
1387,13:32:31,10.97,--,445,488208,卖盘
1388,13:32:25,10.97,-0.01,2032,2230157,卖盘
1389,13:32:22,10.98,--,203,222937,买盘
1390,13:32:16,10.98,--,256,281088,买盘
1391,13:32:13,10.98,--,52,57096,买盘
1392,13:32:10,10.98,--,10,12034,买盘
1393,13:32:07,10.98,0.01,15,16513,买盘
1394,13:32:04,10.97,-0.01,984,1079448,卖盘
1395,13:32:01,10.98,0.01,2,2196,买盘
1396,13:31:55,10.97,--,108,119529,卖盘
1397,13:31:52,10.97,-0.01,404,443188,卖盘
1398,13:31:49,10.98,0.01,632,693936,买盘
1399,13:31:46,10.97,-0.01,91,99870,卖盘
1400,13:31:43,10.98,--,48,52704,买盘
1401,13:31:34,10.98,--,40,44974,买盘
1402,13:31:31,10.98,0.01,110,120780,买盘
1403,13:31:28,10.97,-0.01,30,32910,卖盘
1404,13:31:25,10.98,--,75,82393,买盘
1405,13:31:22,10.98,--,6,6588,买盘
1406,13:31:19,10.98,--,60,65880,买盘
1407,13:31:16,10.98,0.02,5006,5497202,买盘
1408,13:31:10,10.96,-0.02,31,34019,卖盘
1409,13:31:07,10.98,0.01,906,994788,买盘
1410,13:31:04,10.97,0.01,970,1065143,买盘
1411,13:30:58,10.96,-0.01,30,32880,卖盘
1412,13:30:55,10.97,--,19,20886,买盘
1413,13:30:52,10.97,--,12,14217,买盘
1414,13:30:46,10.97,--,62,68014,买盘
1415,13:30:43,10.97,--,174,191053,卖盘
1416,13:30:40,10.97,-0.01,5,5485,卖盘
1417,13:30:37,10.98,0.01,227,249246,买盘
1418,13:30:34,10.97,--,10,10970,卖盘
1419,13:30:31,10.97,--,25,27425,卖盘
1420,13:30:25,10.97,--,89,97633,卖盘
1421,13:30:22,10.97,--,386,423442,卖盘
1422,13:30:19,10.97,--,128,140416,卖盘
1423,13:30:16,10.97,--,111,121767,卖盘
1424,13:30:13,10.97,--,58,63626,卖盘
1425,13:30:10,10.97,--,280,307160,卖盘
1426,13:30:04,10.97,--,2,2194,卖盘
1427,13:30:01,10.97,--,134,146998,卖盘
1428,13:29:58,10.97,-0.01,70,77667,卖盘
1429,13:29:55,10.98,0.01,37,40713,买盘
1430,13:29:52,10.97,--,108,118476,买盘
1431,13:29:49,10.97,--,110,120670,买盘
1432,13:29:46,10.97,--,182,199654,买盘
1433,13:29:43,10.97,0.01,236,258892,买盘
1434,13:29:40,10.96,-0.01,64,70144,卖盘
1435,13:29:37,10.97,0.01,50,55903,买盘
1436,13:29:34,10.96,-0.01,3,3331,卖盘
1437,13:29:31,10.97,0.01,42,47127,买盘
1438,13:29:28,10.96,-0.01,47,51555,卖盘
1439,13:29:25,10.97,0.01,14,16411,买盘
1440,13:29:22,10.96,-0.01,11,12099,卖盘
1441,13:29:16,10.97,--,259,285132,卖盘
1442,13:29:13,10.97,--,75,82275,卖盘
1443,13:29:10,10.97,--,178,195266,卖盘
1444,13:29:07,10.97,--,239,262183,卖盘
1445,13:29:04,10.97,--,97,106409,卖盘
1446,13:29:01,10.97,--,94,103118,卖盘
1447,13:28:58,10.97,-0.01,534,585798,卖盘
1448,13:28:55,10.98,0.01,321,352458,买盘
1449,13:28:52,10.97,-0.01,262,287414,卖盘
1450,13:28:49,10.98,--,211,231678,买盘
1451,13:28:46,10.98,0.01,241,264618,买盘
1452,13:28:43,10.97,-0.01,560,614320,卖盘
1453,13:28:40,10.98,--,72,79056,买盘
1454,13:28:37,10.98,0.02,1154,1267179,买盘
1455,13:28:34,10.96,--,70,77772,卖盘
1456,13:28:31,10.96,--,42,46032,卖盘
1457,13:28:28,10.96,--,367,402275,买盘
1458,13:28:25,10.96,0.01,322,352912,买盘
1459,13:28:22,10.95,-0.01,62,68941,卖盘
1460,13:28:19,10.96,--,92,100832,买盘
1461,13:28:16,10.96,0.01,5,5523,买盘
1462,13:28:13,10.95,--,78,85410,卖盘
1463,13:28:07,10.95,-0.01,136,148920,卖盘
1464,13:28:01,10.96,0.01,44,49276,买盘
1465,13:27:58,10.95,--,119,130348,卖盘
1466,13:27:55,10.95,-0.01,750,821250,卖盘
1467,13:27:52,10.96,0.01,228,250940,买盘
1468,13:27:46,10.95,-0.01,79,86548,卖盘
1469,13:27:43,10.96,--,24,26304,买盘
1470,13:27:40,10.96,0.01,36,39456,买盘
1471,13:27:37,10.95,-0.01,56,61319,卖盘
1472,13:27:34,10.96,--,140,153440,买盘
1473,13:27:31,10.96,0.01,410,449360,买盘
1474,13:27:28,10.95,-0.01,30,32850,卖盘
1475,13:27:25,10.96,0.01,80,88732,买盘
1476,13:27:22,10.95,--,320,350400,卖盘
1477,13:27:19,10.95,--,45,49318,卖盘
1478,13:27:16,10.95,--,90,99601,卖盘
1479,13:27:13,10.95,--,78,86329,卖盘
1480,13:27:10,10.95,--,665,728175,卖盘
1481,13:27:07,10.95,--,255,279225,卖盘
1482,13:27:04,10.95,--,629,688755,卖盘
1483,13:26:58,10.95,-0.01,807,883665,卖盘
1484,13:26:55,10.96,--,607,665272,买盘
1485,13:26:52,10.96,--,179,196184,买盘
1486,13:26:49,10.96,0.01,28,30688,买盘
1487,13:26:46,10.95,-0.01,43,47085,卖盘
1488,13:26:43,10.96,--,831,910776,卖盘
1489,13:26:40,10.96,-0.01,21,23016,卖盘
1490,13:26:37,10.97,0.01,102,111894,买盘
1491,13:26:31,10.96,--,611,669656,卖盘
1492,13:26:25,10.96,--,107,117272,卖盘
1493,13:26:22,10.96,-0.01,74,81104,卖盘
1494,13:26:19,10.97,--,45,49365,买盘
1495,13:26:16,10.97,0.01,61,66917,买盘
1496,13:26:13,10.96,--,64,70144,卖盘
1497,13:26:10,10.96,--,195,213720,卖盘
1498,13:26:07,10.96,-0.01,560,613760,卖盘
1499,13:26:04,10.97,0.01,86,94342,买盘
1500,13:26:01,10.96,--,43,47128,卖盘
1501,13:25:58,10.96,-0.01,60,65760,卖盘
1502,13:25:55,10.97,0.01,31,34007,买盘
1503,13:25:49,10.96,-0.01,147,161112,卖盘
1504,13:25:46,10.97,--,54,59238,买盘
1505,13:25:43,10.97,0.01,22,24134,买盘
1506,13:25:40,10.96,--,200,219200,卖盘
1507,13:25:37,10.96,--,785,860360,卖盘
1508,13:25:34,10.96,--,29,31784,卖盘
1509,13:25:28,10.96,--,167,183032,卖盘
1510,13:25:25,10.96,--,325,356200,卖盘
1511,13:25:22,10.96,-0.01,93,101928,卖盘
1512,13:25:19,10.97,0.01,4,4388,买盘
1513,13:25:16,10.96,-0.01,91,100788,卖盘
1514,13:25:13,10.97,--,170,186490,卖盘
1515,13:25:10,10.97,-0.01,166,182102,卖盘
1516,13:25:07,10.98,--,15,16470,买盘
1517,13:25:04,10.98,--,50,54900,买盘
1518,13:25:01,10.98,--,11,12078,买盘
1519,13:24:55,10.98,-0.01,107,117486,卖盘
1520,13:24:46,10.99,--,35,38465,买盘
1521,13:24:43,10.99,0.01,3109,3416791,买盘
1522,13:24:37,10.98,-0.01,145,159210,卖盘
1523,13:24:31,10.99,0.01,61,67039,买盘
1524,13:24:25,10.98,--,28,30744,卖盘
1525,13:24:22,10.98,-0.01,1,1098,卖盘
1526,13:24:19,10.99,0.01,55,60445,买盘
1527,13:24:16,10.98,-0.01,15,16470,卖盘
1528,13:24:13,10.99,--,6,6594,买盘
1529,13:24:10,10.99,--,121,132979,买盘
1530,13:24:07,10.99,0.01,48,52752,买盘
1531,13:24:04,10.98,-0.01,74,81252,卖盘
1532,13:23:58,10.99,--,378,415422,买盘
1533,13:23:55,10.99,--,1,1099,买盘
1534,13:23:52,10.99,--,218,239582,买盘
1535,13:23:49,10.99,0.01,211,231889,买盘
1536,13:23:46,10.98,-0.01,579,636620,卖盘
1537,13:23:43,10.99,--,69,75831,买盘
1538,13:23:40,10.99,--,22,24178,买盘
1539,13:23:37,10.99,0.01,38,41762,买盘
1540,13:23:34,10.98,-0.01,10,10980,卖盘
1541,13:23:28,10.99,--,142,156058,买盘
1542,13:23:22,10.99,0.01,152,167048,买盘
1543,13:23:19,10.98,--,138,151524,卖盘
1544,13:23:16,10.98,--,14,15372,卖盘
1545,13:23:13,10.98,--,34,37332,卖盘
1546,13:23:10,10.98,--,100,109800,卖盘
1547,13:23:07,10.98,-0.01,79,86742,卖盘
1548,13:23:04,10.99,0.01,31,34069,买盘
1549,13:23:01,10.98,--,133,146034,卖盘
1550,13:22:58,10.98,--,8,8784,卖盘
1551,13:22:55,10.98,--,124,136152,卖盘
1552,13:22:52,10.98,--,35,38430,卖盘
1553,13:22:49,10.98,--,128,140544,卖盘
1554,13:22:46,10.98,--,311,341741,买盘
1555,13:22:43,10.98,--,834,916566,卖盘
1556,13:22:40,10.98,--,112,122976,卖盘
1557,13:22:37,10.98,-0.01,128,140587,卖盘
1558,13:22:34,10.99,0.01,74,81326,买盘
1559,13:22:31,10.98,-0.01,466,511887,卖盘
1560,13:22:28,10.99,0.01,43,47257,买盘
1561,13:22:25,10.98,-0.01,351,385398,卖盘
1562,13:22:19,10.99,0.01,590,648410,买盘
1563,13:22:16,10.98,--,66,72468,卖盘
1564,13:22:13,10.98,--,110,120780,卖盘
1565,13:22:10,10.98,--,50,54900,卖盘
1566,13:22:07,10.98,-0.01,82,90036,卖盘
1567,13:22:01,10.99,0.01,91,100009,买盘
1568,13:21:58,10.98,-0.01,5,5490,卖盘
1569,13:21:55,10.99,--,44,48356,买盘
1570,13:21:52,10.99,--,45,49455,买盘
1571,13:21:49,10.99,--,15,16485,买盘
1572,13:21:46,10.99,--,40,43960,买盘
1573,13:21:43,10.99,--,47,51653,买盘
1574,13:21:40,10.99,--,2,2198,买盘
1575,13:21:37,10.99,--,464,509936,卖盘
1576,13:21:34,10.99,-0.01,110,120890,卖盘
1577,13:21:31,11.0,--,450,495000,买盘
1578,13:21:28,11.0,0.01,1031,1134100,买盘
1579,13:21:25,10.99,--,28,30772,卖盘
1580,13:21:22,10.99,-0.01,256,281344,卖盘
1581,13:21:19,11.0,--,189,207900,买盘
1582,13:21:16,11.0,--,50,55000,买盘
1583,13:21:10,11.0,0.01,350,385000,买盘
1584,13:21:07,10.99,-0.01,250,274750,卖盘
1585,13:21:01,11.0,0.01,106,116600,买盘
1586,13:20:58,10.99,--,50,54950,卖盘
1587,13:20:55,10.99,-0.01,75,82425,卖盘
1588,13:20:52,11.0,--,33,36564,卖盘
1589,13:20:49,11.0,0.01,148,163636,买盘
1590,13:20:46,10.99,-0.01,2016,2215847,卖盘
1591,13:20:43,11.0,--,1788,1967636,卖盘
1592,13:20:40,11.0,--,80,88000,卖盘
1593,13:20:37,11.0,--,21,23100,卖盘
1594,13:20:34,11.0,-0.01,30,33000,卖盘
1595,13:20:31,11.01,0.01,40,44040,买盘
1596,13:20:28,11.0,--,29,31900,卖盘
1597,13:20:25,11.0,-0.01,1774,1951752,卖盘
1598,13:20:19,11.01,--,88,96888,卖盘
1599,13:20:16,11.01,--,1084,1193484,卖盘
1600,13:20:13,11.01,--,67,73767,卖盘
1601,13:20:10,11.01,--,230,253230,卖盘
1602,13:20:07,11.01,--,47,51747,卖盘
1603,13:20:01,11.01,--,217,238917,卖盘
1604,13:19:58,11.01,-0.01,90,99090,卖盘
1605,13:19:55,11.02,0.01,49,53998,买盘
1606,13:19:52,11.01,--,42,46242,卖盘
1607,13:19:49,11.01,--,49,53949,卖盘
1608,13:19:46,11.01,--,130,143130,卖盘
1609,13:19:43,11.01,--,37,40737,卖盘
1610,13:19:40,11.01,--,230,253230,卖盘
1611,13:19:37,11.01,--,1197,1317897,卖盘
1612,13:19:34,11.01,-0.01,58,63858,卖盘
1613,13:19:31,11.02,0.01,120,132240,买盘
1614,13:19:28,11.01,--,308,339108,卖盘
1615,13:19:22,11.01,--,170,187170,卖盘
1616,13:19:19,11.01,--,202,222402,卖盘
1617,13:19:16,11.01,--,208,229008,卖盘
1618,13:19:13,11.01,-0.01,59,64959,卖盘
1619,13:19:10,11.02,0.01,1537,1693774,买盘
1620,13:19:07,11.01,--,53,58353,卖盘
1621,13:19:04,11.01,--,1073,1181373,卖盘
1622,13:19:01,11.01,--,385,424369,卖盘
1623,13:18:58,11.01,--,586,645186,卖盘
1624,13:18:49,11.01,--,162,178362,卖盘
1625,13:18:46,11.01,-0.01,66,72666,卖盘
1626,13:18:43,11.02,0.01,548,603896,买盘
1627,13:18:40,11.01,--,5,5505,卖盘
1628,13:18:37,11.01,-0.01,718,790518,卖盘
1629,13:18:34,11.02,--,55,60610,买盘
1630,13:18:28,11.02,--,131,144362,买盘
1631,13:18:22,11.02,--,1592,1754384,卖盘
1632,13:18:19,11.02,--,57,62814,卖盘
1633,13:18:16,11.02,--,61,67222,卖盘
1634,13:18:13,11.02,--,10,11020,卖盘
1635,13:18:10,11.02,--,61,67222,卖盘
1636,13:18:07,11.02,--,40,44080,卖盘
1637,13:18:04,11.02,--,80,88160,卖盘
1638,13:18:01,11.02,--,200,220400,卖盘
1639,13:17:57,11.02,--,2,2204,卖盘
1640,13:17:54,11.02,-0.01,26,28652,卖盘
1641,13:17:51,11.03,--,42,46326,买盘
1642,13:17:48,11.03,-0.01,329,362887,买盘
1643,13:17:42,11.04,0.01,636,702144,买盘
1644,13:17:39,11.03,--,28,30884,卖盘
1645,13:17:36,11.03,--,52,57356,卖盘
1646,13:17:33,11.03,--,370,408110,卖盘
1647,13:17:27,11.03,-0.01,585,645255,卖盘
1648,13:17:21,11.04,0.01,226,249503,买盘
1649,13:17:15,11.03,--,28,30884,卖盘
1650,13:17:09,11.03,-0.01,333,367563,卖盘
1651,13:17:06,11.04,--,21,23184,卖盘
1652,13:17:03,11.04,--,20,22080,卖盘
1653,13:17:00,11.04,--,88,97151,卖盘
1654,13:16:57,11.04,-0.01,151,166704,卖盘
1655,13:16:51,11.05,0.01,9,9945,买盘
1656,13:16:48,11.04,--,47,51887,卖盘
1657,13:16:45,11.04,--,1,1104,卖盘
1658,13:16:42,11.04,--,34,37536,卖盘
1659,13:16:39,11.04,--,116,128063,卖盘
1660,13:16:33,11.04,-0.01,70,77280,卖盘
1661,13:16:30,11.05,0.01,23,25415,买盘
1662,13:16:24,11.04,-0.01,51,56303,卖盘
1663,13:16:21,11.05,--,130,143650,买盘
1664,13:16:18,11.05,--,1001,1106105,买盘
1665,13:16:15,11.05,--,16,17680,买盘
1666,13:16:12,11.05,--,130,143650,买盘
1667,13:16:09,11.05,0.01,14,15470,买盘
1668,13:16:06,11.04,-0.01,113,124751,卖盘
1669,13:16:03,11.05,0.01,94,103870,买盘
1670,13:16:00,11.04,-0.02,76,83904,卖盘
1671,13:15:57,11.06,--,906,1002036,买盘
1672,13:15:54,11.06,0.01,205,226730,买盘
1673,13:15:51,11.05,--,36,39780,卖盘
1674,13:15:48,11.05,--,131,144755,卖盘
1675,13:15:45,11.05,-0.01,131,144755,卖盘
1676,13:15:42,11.06,--,39,43134,买盘
1677,13:15:39,11.06,--,157,173642,买盘
1678,13:15:36,11.06,--,18,19908,买盘
1679,13:15:33,11.06,0.01,38,42028,卖盘
1680,13:15:30,11.05,--,438,483990,卖盘
1681,13:15:27,11.05,-0.01,10,11050,卖盘
1682,13:15:21,11.06,--,10,11060,买盘
1683,13:15:18,11.06,--,70,77420,买盘
1684,13:15:15,11.06,--,143,158158,买盘
1685,13:15:12,11.06,--,91,100646,买盘
1686,13:15:09,11.06,0.01,173,191338,买盘
1687,13:15:06,11.05,--,328,362440,卖盘
1688,13:15:03,11.05,-0.01,616,680680,卖盘
1689,13:15:00,11.06,--,606,670236,买盘
1690,13:14:57,11.06,--,49,54194,买盘
1691,13:14:54,11.06,--,4925,5447050,买盘
1692,13:14:51,11.06,--,118,130508,买盘
1693,13:14:48,11.06,0.01,75,82950,买盘
1694,13:14:45,11.05,-0.01,54,59670,卖盘
1695,13:14:42,11.06,--,52,57512,买盘
1696,13:14:39,11.06,--,119,131614,买盘
1697,13:14:36,11.06,--,30,33180,买盘
1698,13:14:33,11.06,--,1,1106,买盘
1699,13:14:30,11.06,0.01,1052,1163512,买盘
1700,13:14:27,11.05,-0.01,590,651950,卖盘
1701,13:14:24,11.06,0.01,242,267652,买盘
1702,13:14:21,11.05,--,64,70720,卖盘
1703,13:14:18,11.05,--,76,83980,卖盘
1704,13:14:12,11.05,--,60,66300,卖盘
1705,13:14:09,11.05,--,236,260780,买盘
1706,13:14:06,11.05,--,250,276250,买盘
1707,13:14:03,11.05,--,789,871845,卖盘
1708,13:14:00,11.05,--,147,162435,卖盘
1709,13:13:57,11.05,--,813,898365,买盘
1710,13:13:54,11.05,0.01,30,33150,买盘
1711,13:13:51,11.04,-0.01,30,33120,卖盘
1712,13:13:48,11.05,--,259,286195,买盘
1713,13:13:45,11.05,0.01,96,106080,买盘
1714,13:13:39,11.04,--,50,55199,卖盘
1715,13:13:36,11.04,--,9,9936,卖盘
1716,13:13:33,11.04,--,539,595895,买盘
1717,13:13:30,11.04,--,86,94943,买盘
1718,13:13:24,11.04,--,419,462575,买盘
1719,13:13:21,11.04,0.01,398,439391,买盘
1720,13:13:18,11.03,--,57,62870,卖盘
1721,13:13:15,11.03,-0.01,11,12133,卖盘
1722,13:13:12,11.04,0.01,63,69552,买盘
1723,13:13:09,11.03,-0.01,51,56253,卖盘
1724,13:13:03,11.04,--,64,70656,买盘
1725,13:13:00,11.04,0.01,79,87216,买盘
1726,13:12:57,11.03,--,11,12133,卖盘
1727,13:12:54,11.03,-0.01,55,60665,卖盘
1728,13:12:51,11.04,--,190,209759,买盘
1729,13:12:48,11.04,--,21,23184,买盘
1730,13:12:45,11.04,--,76,83904,买盘
1731,13:12:42,11.04,0.01,221,243983,买盘
1732,13:12:39,11.03,0.01,60,66180,买盘
1733,13:12:36,11.02,--,19,20938,卖盘
1734,13:12:33,11.02,-0.01,230,253460,卖盘
1735,13:12:30,11.03,--,100,110300,卖盘
1736,13:12:27,11.03,--,1167,1287201,买盘
1737,13:12:24,11.03,--,104,114712,买盘
1738,13:12:21,11.03,--,34,37502,买盘
1739,13:12:18,11.03,0.01,40,44120,买盘
1740,13:12:15,11.02,-0.01,50,55100,卖盘
1741,13:12:12,11.03,0.01,381,420243,买盘
1742,13:12:09,11.02,--,120,132240,卖盘
1743,13:12:06,11.02,-0.01,2,2204,卖盘
1744,13:12:03,11.03,--,50,55150,买盘
1745,13:12:00,11.03,0.01,65,71695,买盘
1746,13:11:54,11.02,-0.01,170,187340,卖盘
1747,13:11:51,11.03,0.01,1249,1377647,买盘
1748,13:11:45,11.02,--,10,11020,买盘
1749,13:11:42,11.02,--,24,26448,买盘
1750,13:11:39,11.02,0.01,203,223706,买盘
1751,13:11:36,11.01,-0.01,0,880,卖盘
1752,13:11:33,11.02,--,21,23142,买盘
1753,13:11:30,11.02,--,283,311866,买盘
1754,13:11:27,11.02,--,124,136648,买盘
1755,13:11:21,11.02,--,26,28652,买盘
1756,13:11:18,11.02,-0.01,1152,1269504,卖盘
1757,13:11:12,11.03,0.01,32,35296,买盘
1758,13:11:09,11.02,--,30,33060,卖盘
1759,13:11:06,11.02,-0.01,28,30856,卖盘
1760,13:11:03,11.03,--,85,93755,买盘
1761,13:11:00,11.03,--,109,120227,买盘
1762,13:10:57,11.03,--,47,51841,买盘
1763,13:10:54,11.03,--,31,34193,买盘
1764,13:10:51,11.03,--,728,802984,买盘
1765,13:10:48,11.03,0.01,258,284574,买盘
1766,13:10:42,11.02,-0.01,60,66120,卖盘
1767,13:10:39,11.03,0.01,5,5515,买盘
1768,13:10:36,11.02,-0.01,112,123424,卖盘
1769,13:10:30,11.03,--,297,327591,买盘
1770,13:10:24,11.03,--,10,11030,买盘
1771,13:10:21,11.03,0.01,188,207364,买盘
1772,13:10:15,11.02,--,9,9918,卖盘
1773,13:10:12,11.02,--,31,34162,卖盘
1774,13:10:09,11.02,--,24,26448,卖盘
1775,13:10:06,11.02,--,100,110200,卖盘
1776,13:10:03,11.02,--,9,9918,卖盘
1777,13:10:00,11.02,--,589,649078,买盘
1778,13:09:54,11.02,--,210,231420,买盘
1779,13:09:51,11.02,0.01,142,156484,买盘
1780,13:09:48,11.01,-0.01,50,55050,卖盘
1781,13:09:45,11.02,--,20,22040,买盘
1782,13:09:42,11.02,--,445,490390,买盘
1783,13:09:39,11.02,0.01,190,209380,买盘
1784,13:09:33,11.01,--,158,173958,卖盘
1785,13:09:27,11.01,--,444,488844,卖盘
1786,13:09:21,11.01,--,174,191574,卖盘
1787,13:09:18,11.01,--,7,7707,卖盘
1788,13:09:15,11.01,-0.01,39,42939,卖盘
1789,13:09:12,11.02,--,1,1102,买盘
1790,13:09:09,11.02,0.01,313,344926,买盘
1791,13:09:06,11.01,--,62,68262,卖盘
1792,13:09:03,11.01,--,36,39636,卖盘
1793,13:09:00,11.01,0.03,290,319774,买盘
1794,13:08:54,10.98,-0.03,104,114192,卖盘
1795,13:08:51,11.01,0.01,2,2202,买盘
1796,13:08:45,11.0,--,50,55000,卖盘
1797,13:08:42,11.0,--,30,33000,卖盘
1798,13:08:36,11.0,--,8,8800,卖盘
1799,13:08:33,11.0,--,28,30800,卖盘
1800,13:08:27,11.0,--,21,23100,买盘
1801,13:08:21,11.0,--,239,262900,买盘
1802,13:08:18,11.0,-0.01,50,55616,卖盘
1803,13:08:15,11.01,0.01,48,52848,买盘
1804,13:08:12,11.0,--,182,200200,卖盘
1805,13:08:09,11.0,-0.01,55,60500,卖盘
1806,13:08:03,11.01,--,25,27525,卖盘
1807,13:08:00,11.01,--,65,71565,卖盘
1808,13:07:54,11.01,--,2,2202,卖盘
1809,13:07:48,11.01,-0.01,45,49545,卖盘
1810,13:07:45,11.02,--,9,9918,买盘
1811,13:07:42,11.02,0.01,17,18734,中性盘
1812,13:07:39,11.01,0.01,6,6606,买盘
1813,13:07:36,11.0,--,28,30800,卖盘
1814,13:07:33,11.0,-0.03,2169,2385900,卖盘
1815,13:07:30,11.03,0.02,1078,1189034,买盘
1816,13:07:27,11.01,-0.01,35,38535,卖盘
1817,13:07:21,11.02,0.01,67,73834,买盘
1818,13:07:18,11.01,--,63,69363,买盘
1819,13:07:12,11.01,-0.01,46,50646,卖盘
1820,13:07:09,11.02,0.01,12,13224,买盘
1821,13:07:06,11.01,-0.02,4,4404,卖盘
1822,13:07:03,11.03,0.02,121,133463,买盘
1823,13:07:00,11.01,--,21,23121,买盘
1824,13:06:57,11.01,-0.02,15,16515,中性盘
1825,13:06:54,11.03,0.03,1017,1121751,买盘
1826,13:06:51,11.0,-0.01,26,28600,卖盘
1827,13:06:48,11.01,--,45,49545,买盘
1828,13:06:45,11.01,--,30,33030,买盘
1829,13:06:42,11.01,--,32,35232,买盘
1830,13:06:39,11.01,--,167,183867,卖盘
1831,13:06:36,11.01,-0.01,30,33030,卖盘
1832,13:06:33,11.02,--,184,202768,买盘
1833,13:06:30,11.02,0.01,1048,1154896,买盘
1834,13:06:24,11.01,0.01,121,133221,买盘
1835,13:06:21,11.0,--,246,270600,卖盘
1836,13:06:15,11.0,-0.01,3,3300,卖盘
1837,13:06:12,11.01,-0.02,52,57252,买盘
1838,13:06:09,11.03,0.02,1036,1142708,买盘
1839,13:06:03,11.01,--,140,154140,买盘
1840,13:06:00,11.01,--,24,26424,买盘
1841,13:05:57,11.01,--,106,116706,买盘
1842,13:05:54,11.01,--,3,3303,买盘
1843,13:05:51,11.01,--,33,36333,买盘
1844,13:05:48,11.01,--,22,24222,买盘
1845,13:05:45,11.01,--,31,34131,买盘
1846,13:05:39,11.01,0.01,60,66060,买盘
1847,13:05:36,11.0,--,202,222200,卖盘
1848,13:05:33,11.0,--,27,29700,卖盘
1849,13:05:30,11.0,0.02,1962,2158684,买盘
1850,13:05:27,10.98,0.01,294,322812,买盘
1851,13:05:21,10.97,0.01,200,219400,买盘
1852,13:05:18,10.96,--,9,9864,卖盘
1853,13:05:15,10.96,-0.01,77,84392,卖盘
1854,13:05:12,10.97,--,50,54850,买盘
1855,13:05:09,10.97,0.01,120,131640,买盘
1856,13:05:06,10.96,-0.01,4,4384,中性盘
1857,13:05:03,10.97,0.01,87,95439,买盘
1858,13:05:00,10.96,-0.01,304,333184,卖盘
1859,13:04:54,10.97,0.01,30,32910,买盘
1860,13:04:51,10.96,--,26,28496,卖盘
1861,13:04:48,10.96,--,65,71240,卖盘
1862,13:04:45,10.96,--,24,26304,买盘
1863,13:04:42,10.96,--,49,53704,买盘
1864,13:04:39,10.96,0.01,86,94256,买盘
1865,13:04:33,10.95,-0.01,121,132495,卖盘
1866,13:04:30,10.96,0.01,20,21920,买盘
1867,13:04:27,10.95,-0.01,94,102930,卖盘
1868,13:04:24,10.96,--,142,155632,买盘
1869,13:04:21,10.96,--,41,44936,卖盘
1870,13:04:18,10.96,-0.01,56,61376,卖盘
1871,13:04:15,10.97,0.01,10,10970,买盘
1872,13:04:12,10.96,-0.01,62,67952,卖盘
1873,13:04:09,10.97,--,29,31813,买盘
1874,13:04:06,10.97,--,20,21940,买盘
1875,13:04:00,10.97,--,187,205139,卖盘
1876,13:03:57,10.97,--,77,84469,卖盘
1877,13:03:54,10.97,-0.01,35,38395,卖盘
1878,13:03:51,10.98,0.01,46,50508,买盘
1879,13:03:45,10.97,--,120,131640,卖盘
1880,13:03:42,10.97,-0.01,29,31813,卖盘
1881,13:03:39,10.98,0.01,100,109800,买盘
1882,13:03:33,10.97,--,453,496941,买盘
1883,13:03:30,10.97,0.01,351,385047,买盘
1884,13:03:27,10.96,--,20,21920,卖盘
1885,13:03:21,10.96,-0.01,28,30688,卖盘
1886,13:03:18,10.97,0.01,3,3291,买盘
1887,13:03:15,10.96,--,73,80008,卖盘
1888,13:03:12,10.96,-0.01,54,59184,卖盘
1889,13:03:09,10.97,--,40,43880,卖盘
1890,13:03:06,10.97,0.01,18,19746,卖盘
1891,13:03:03,10.96,-0.02,28,30688,卖盘
1892,13:03:00,10.98,0.01,555,609390,买盘
1893,13:02:54,10.97,--,8,8776,卖盘
1894,13:02:51,10.97,--,30,32910,卖盘
1895,13:02:48,10.97,--,21,23037,卖盘
1896,13:02:42,10.97,-0.01,43,47171,卖盘
1897,13:02:39,10.98,0.01,10,10980,买盘
1898,13:02:33,10.97,--,40,43880,卖盘
1899,13:02:30,10.97,--,21,23037,买盘
1900,13:02:27,10.97,--,51,55947,买盘
1901,13:02:24,10.97,0.01,16,17552,买盘
1902,13:02:21,10.96,--,12,13152,卖盘
1903,13:02:15,10.96,-0.01,54,59184,卖盘
1904,13:02:12,10.97,--,8,8776,买盘
1905,13:02:09,10.97,0.01,7,7679,买盘
1906,13:02:06,10.96,--,26,28496,卖盘
1907,13:02:03,10.96,0.01,5,5480,中性盘
1908,13:01:57,10.95,--,5,5475,卖盘
1909,13:01:54,10.95,--,31,33945,卖盘
1910,13:01:51,10.95,-0.02,508,556260,卖盘
1911,13:01:45,10.97,-0.01,42,46074,中性盘
1912,13:01:39,10.98,0.03,10,10980,买盘
1913,13:01:36,10.95,--,20,21900,卖盘
1914,13:01:33,10.95,--,26,28469,卖盘
1915,13:01:21,10.95,-0.01,30,32850,卖盘
1916,13:01:15,10.96,-0.02,9,9864,卖盘
1917,13:01:12,10.98,0.02,1665,1828170,买盘
1918,13:01:09,10.96,--,129,141384,卖盘
1919,13:01:06,10.96,--,111,121656,卖盘
1920,13:01:00,10.96,-0.02,30,32880,卖盘
1921,13:00:57,10.98,0.02,52,57096,买盘
1922,13:00:54,10.96,--,20,21920,卖盘
1923,13:00:45,10.96,-0.03,25,27400,卖盘
1924,13:00:42,10.99,0.01,250,274750,买盘
1925,13:00:39,10.98,0.02,200,219600,买盘
1926,13:00:36,10.96,--,28,30688,卖盘
1927,13:00:30,10.96,-0.02,19,20824,中性盘
1928,13:00:27,10.98,0.03,12,13176,买盘
1929,13:00:24,10.95,-0.02,64,70080,卖盘
1930,13:00:12,10.97,--,45,49365,买盘
1931,13:00:09,10.97,0.01,138,151386,买盘
1932,13:00:06,10.96,-0.01,1388,1521248,卖盘
1933,13:00:03,10.97,--,2385,2616345,买盘
1934,11:29:58,10.97,--,50,54850,买盘
1935,11:29:55,10.97,--,50,54850,买盘
1936,11:29:52,10.97,--,20,21940,买盘
1937,11:29:46,10.97,-0.01,110,120670,卖盘
1938,11:29:43,10.98,--,158,173484,买盘
1939,11:29:40,10.98,0.01,6,6588,买盘
1940,11:29:34,10.97,-0.01,234,256698,卖盘
1941,11:29:28,10.98,--,10,10980,买盘
1942,11:29:25,10.98,0.01,60,65880,买盘
1943,11:29:22,10.97,-0.01,32,35104,卖盘
1944,11:29:19,10.98,--,13,14274,买盘
1945,11:29:16,10.98,--,93,102114,买盘
1946,11:29:13,10.98,--,63,69174,买盘
1947,11:29:07,10.98,0.01,121,132858,买盘
1948,11:29:04,10.97,-0.01,27,29619,卖盘
1949,11:29:01,10.98,--,100,109800,买盘
1950,11:28:58,10.98,0.01,12,13176,买盘
1951,11:28:55,10.97,--,39,42783,卖盘
1952,11:28:49,10.97,--,194,212818,卖盘
1953,11:28:46,10.97,-0.01,155,170035,卖盘
1954,11:28:43,10.98,0.01,1596,1752408,买盘
1955,11:28:40,10.97,-0.01,28,30716,卖盘
1956,11:28:37,10.98,0.01,520,570960,买盘
1957,11:28:34,10.97,-0.01,29,31813,卖盘
1958,11:28:31,10.98,0.01,79,86742,买盘
1959,11:28:28,10.97,--,71,77887,卖盘
1960,11:28:25,10.97,--,12,13164,卖盘
1961,11:28:22,10.97,0.01,126,138222,买盘
1962,11:28:19,10.96,--,24,26304,卖盘
1963,11:28:16,10.96,-0.01,11,12056,卖盘
1964,11:28:13,10.97,--,65,71305,买盘
1965,11:28:10,10.97,0.01,111,121767,买盘
1966,11:28:07,10.96,-0.02,79,86584,中性盘
1967,11:27:58,10.98,0.03,87,95526,买盘
1968,11:27:55,10.95,-0.02,140,153300,卖盘
1969,11:27:52,10.97,0.01,2003,2197291,买盘
1970,11:27:49,10.96,0.01,214,234544,买盘
1971,11:27:43,10.95,--,45,49275,买盘
1972,11:27:37,10.95,--,43,47085,买盘
1973,11:27:34,10.95,--,56,61319,买盘
1974,11:27:28,10.95,0.01,133,145635,买盘
1975,11:27:25,10.94,--,25,27350,卖盘
1976,11:27:22,10.94,-0.01,10,10940,卖盘
1977,11:27:19,10.95,0.01,37,40515,买盘
1978,11:27:16,10.94,--,13,14222,卖盘
1979,11:27:13,10.94,-0.01,75,82050,卖盘
1980,11:27:10,10.95,0.01,2,2190,买盘
1981,11:27:07,10.94,-0.01,37,40871,卖盘
1982,11:27:04,10.95,0.01,11,12045,买盘
1983,11:27:01,10.94,-0.01,6,6564,卖盘
1984,11:26:58,10.95,0.01,26,28469,买盘
1985,11:26:55,10.94,-0.01,132,144408,卖盘
1986,11:26:52,10.95,--,46,50370,买盘
1987,11:26:46,10.95,--,40,43800,买盘
1988,11:26:43,10.95,0.01,105,114974,买盘
1989,11:26:40,10.94,-0.01,14,15316,卖盘
1990,11:26:37,10.95,--,3,3285,买盘
1991,11:26:34,10.95,0.01,32,35040,买盘
1992,11:26:25,10.94,--,117,127998,卖盘
1993,11:26:19,10.94,--,63,68922,卖盘
1994,11:26:16,10.94,-0.01,112,122528,卖盘
1995,11:26:13,10.95,0.01,7,7664,买盘
1996,11:26:10,10.94,-0.01,186,203484,卖盘
1997,11:26:07,10.95,0.01,27,29564,买盘
1998,11:26:04,10.94,--,6,6564,卖盘
1999,11:26:01,10.94,--,61,66734,卖盘
2000,11:25:58,10.94,--,25,27350,卖盘
2001,11:25:55,10.94,-0.01,33,36102,卖盘
2002,11:25:52,10.95,--,173,189435,买盘
2003,11:25:49,10.95,--,117,128114,买盘
2004,11:25:43,10.95,--,50,54750,买盘
2005,11:25:40,10.95,--,102,111690,买盘
2006,11:25:37,10.95,--,54,59129,买盘
2007,11:25:34,10.95,--,1,1095,买盘
2008,11:25:31,10.95,0.01,68,74460,买盘
2009,11:25:28,10.94,--,53,57982,卖盘
2010,11:25:25,10.94,-0.01,24,26256,卖盘
2011,11:25:19,10.95,0.01,20,21900,买盘
2012,11:25:16,10.94,--,98,107212,卖盘
2013,11:25:13,10.94,-0.01,107,117058,卖盘
2014,11:25:10,10.95,--,2,2190,买盘
2015,11:25:07,10.95,0.01,112,122639,买盘
2016,11:25:01,10.94,0.01,65,71110,买盘
2017,11:24:58,10.93,-0.02,127,138811,卖盘
2018,11:24:55,10.95,0.02,1,1095,买盘
2019,11:24:49,10.93,-0.01,122,133346,卖盘
2020,11:24:40,10.94,--,3,3282,买盘
2021,11:24:37,10.94,0.01,30,32820,中性盘
2022,11:24:31,10.93,-0.03,200,218600,卖盘
2023,11:24:28,10.96,0.01,112,122752,买盘
2024,11:24:25,10.95,--,79,86505,卖盘
2025,11:24:22,10.95,--,121,132495,买盘
2026,11:24:19,10.95,--,14,15329,买盘
2027,11:24:16,10.95,0.02,63,68985,买盘
2028,11:24:10,10.93,--,4,4372,卖盘
2029,11:24:07,10.93,0.01,70,76510,买盘
2030,11:24:04,10.92,-0.03,61,66612,卖盘
2031,11:24:01,10.95,0.01,123,134685,买盘
2032,11:23:58,10.94,0.01,171,187074,买盘
2033,11:23:55,10.93,-0.01,223,243739,买盘
2034,11:23:52,10.94,0.01,156,170664,买盘
2035,11:23:49,10.93,--,113,123509,卖盘
2036,11:23:43,10.93,-0.01,2,2186,卖盘
2037,11:23:40,10.94,0.01,43,47042,买盘
2038,11:23:37,10.93,-0.02,413,451409,卖盘
2039,11:23:34,10.95,0.02,15,16425,买盘
2040,11:23:31,10.93,-0.02,279,304947,卖盘
2041,11:23:28,10.95,--,29,31754,买盘
2042,11:23:25,10.95,0.02,12,13140,买盘
2043,11:23:22,10.93,-0.02,10,10930,卖盘
2044,11:23:19,10.95,0.02,88,96360,买盘
2045,11:23:16,10.93,-0.02,158,172694,卖盘
2046,11:23:13,10.95,0.01,105,114974,买盘
2047,11:23:10,10.94,0.01,16,17504,买盘
2048,11:23:07,10.93,--,32,34976,卖盘
2049,11:23:01,10.93,-0.02,379,414247,卖盘
2050,11:22:58,10.95,--,20,21900,卖盘
2051,11:22:55,10.95,--,36,39420,卖盘
2052,11:22:52,10.95,--,18,19710,买盘
2053,11:22:49,10.95,--,21,22995,买盘
2054,11:22:46,10.95,0.01,85,93075,买盘
2055,11:22:43,10.94,-0.01,164,179416,卖盘
2056,11:22:40,10.95,-0.01,7,7664,卖盘
2057,11:22:37,10.96,0.01,105,115080,买盘
2058,11:22:34,10.95,--,28,30659,买盘
2059,11:22:31,10.95,0.01,44,48180,买盘
2060,11:22:28,10.94,-0.01,35,38290,卖盘
2061,11:22:25,10.95,--,17,18615,买盘
2062,11:22:22,10.95,--,76,83220,买盘
2063,11:22:19,10.95,0.01,86,94170,买盘
2064,11:22:16,10.94,-0.01,173,189262,卖盘
2065,11:22:13,10.95,--,6,6570,买盘
2066,11:22:10,10.95,--,145,158775,买盘
2067,11:22:04,10.95,0.01,18,19710,买盘
2068,11:22:01,10.94,-0.01,110,120340,卖盘
2069,11:21:58,10.95,--,169,185055,卖盘
2070,11:21:52,10.95,-0.01,100,109500,卖盘
2071,11:21:49,10.96,0.01,641,702536,买盘
2072,11:21:43,10.95,--,24,26280,卖盘
2073,11:21:40,10.95,--,5,5475,卖盘
2074,11:21:34,10.95,--,67,73365,买盘
2075,11:21:31,10.95,--,3,3285,买盘
2076,11:21:28,10.95,--,25,27375,买盘
2077,11:21:25,10.95,0.01,186,203670,买盘
2078,11:21:19,10.94,-0.01,494,540436,卖盘
2079,11:21:13,10.95,--,23,25185,买盘
2080,11:21:10,10.95,0.01,26,28469,买盘
2081,11:21:07,10.94,--,21,22974,卖盘
2082,11:21:04,10.94,-0.01,25,27350,卖盘
2083,11:21:01,10.95,--,70,76650,买盘
2084,11:20:58,10.95,0.02,214,234329,买盘
2085,11:20:52,10.93,-0.01,410,448130,卖盘
2086,11:20:43,10.94,-0.01,118,129092,卖盘
2087,11:20:40,10.95,0.02,70,76650,买盘
2088,11:20:37,10.93,-0.01,48,52464,卖盘
2089,11:20:34,10.94,--,315,344610,买盘
2090,11:20:28,10.94,0.02,52,56888,买盘
2091,11:20:25,10.92,--,394,430248,卖盘
2092,11:20:22,10.92,-0.01,500,546000,卖盘
2093,11:20:19,10.93,0.01,81,88533,中性盘
2094,11:20:16,10.92,-0.01,273,298116,卖盘
2095,11:20:13,10.93,0.01,328,358504,买盘
2096,11:20:10,10.92,-0.01,89,97188,卖盘
2097,11:20:04,10.93,0.02,287,313691,买盘
2098,11:20:01,10.91,-0.01,114,124374,卖盘
2099,11:19:58,10.92,--,102,111384,买盘
2100,11:19:55,10.92,--,441,481572,买盘
2101,11:19:52,10.92,-0.01,480,524160,卖盘
2102,11:19:49,10.93,--,24,26232,买盘
2103,11:19:46,10.93,0.01,748,817564,买盘
2104,11:19:43,10.92,-0.01,53,57876,卖盘
2105,11:19:40,10.93,0.02,100,109300,买盘
2106,11:19:37,10.91,-0.01,130,141830,卖盘
2107,11:19:31,10.92,--,110,120120,买盘
2108,11:19:27,10.92,--,128,139776,买盘
2109,11:19:24,10.92,0.01,103,112476,买盘
2110,11:19:21,10.91,-0.01,410,447310,卖盘
2111,11:19:18,10.92,--,1182,1290744,买盘
2112,11:19:15,10.92,0.02,163,177996,买盘
2113,11:19:12,10.9,-0.01,2161,2355490,卖盘
2114,11:19:09,10.91,0.01,56,61096,买盘
2115,11:19:06,10.9,--,159,173310,卖盘
2116,11:19:03,10.9,-0.01,200,218000,卖盘
2117,11:19:00,10.91,--,630,687330,买盘
2118,11:18:57,10.91,--,386,421126,买盘
2119,11:18:54,10.91,--,308,336028,买盘
2120,11:18:51,10.91,--,423,461711,买盘
2121,11:18:48,10.91,--,232,253112,买盘
2122,11:18:45,10.91,0.01,216,235656,买盘
2123,11:18:42,10.9,-0.01,41,44690,卖盘
2124,11:18:39,10.91,0.01,116,126556,买盘
2125,11:18:36,10.9,-0.01,786,856740,卖盘
2126,11:18:33,10.91,--,260,283660,买盘
2127,11:18:30,10.91,-0.01,1031,1125301,卖盘
2128,11:18:27,10.92,0.01,49,53508,买盘
2129,11:18:21,10.91,-0.01,44,48004,卖盘
2130,11:18:18,10.92,--,15,16380,买盘
2131,11:18:15,10.92,0.01,142,155064,卖盘
2132,11:18:12,10.91,-0.01,247,269477,卖盘
2133,11:18:09,10.92,-0.01,29,31668,买盘
2134,11:18:06,10.93,0.02,101,110393,买盘
2135,11:18:03,10.91,-0.01,764,833524,卖盘
2136,11:18:00,10.92,-0.01,66,72072,卖盘
2137,11:17:57,10.93,--,295,322435,买盘
2138,11:17:54,10.93,--,57,62301,买盘
2139,11:17:51,10.93,--,404,441572,买盘
2140,11:17:48,10.93,0.01,556,607708,买盘
2141,11:17:45,10.92,--,420,458640,买盘
2142,11:17:39,10.92,-0.01,376,410592,卖盘
2143,11:17:36,10.93,0.01,671,733403,买盘
2144,11:17:33,10.92,0.01,3366,3675672,买盘
2145,11:17:30,10.91,--,201,219291,卖盘
2146,11:17:27,10.91,-0.01,178,194198,卖盘
2147,11:17:24,10.92,0.01,923,1007916,中性盘
2148,11:17:18,10.91,--,37,40367,卖盘
2149,11:17:12,10.91,-0.02,1159,1264469,卖盘
2150,11:17:09,10.93,0.01,82,89626,买盘
2151,11:17:06,10.92,-0.01,45,49140,卖盘
2152,11:17:03,10.93,0.01,86,93998,买盘
2153,11:17:00,10.92,-0.02,210,229320,卖盘
2154,11:16:57,10.94,--,1518,1660692,买盘
2155,11:16:54,10.94,0.01,180,196920,买盘
2156,11:16:51,10.93,--,569,621917,卖盘
2157,11:16:48,10.93,-0.01,554,605522,卖盘
2158,11:16:45,10.94,0.01,58,63452,买盘
2159,11:16:39,10.93,-0.01,334,365062,卖盘
2160,11:16:36,10.94,0.01,18,19692,买盘
2161,11:16:33,10.93,--,261,285273,卖盘
2162,11:16:30,10.93,-0.01,151,165043,卖盘
2163,11:16:27,10.94,-0.01,284,310696,卖盘
2164,11:16:24,10.95,0.01,385,421575,买盘
2165,11:16:21,10.94,--,128,140032,卖盘
2166,11:16:18,10.94,-0.01,286,312884,卖盘
2167,11:16:15,10.95,--,379,415005,买盘
2168,11:16:12,10.95,0.01,103,112784,买盘
2169,11:16:06,10.94,--,116,126904,卖盘
2170,11:16:03,10.94,-0.02,2403,2629275,卖盘
2171,11:16:00,10.96,0.01,465,509640,买盘
2172,11:15:57,10.95,--,1967,2153865,卖盘
2173,11:15:54,10.95,--,339,371205,卖盘
2174,11:15:51,10.95,--,121,132495,卖盘
2175,11:15:48,10.95,--,1112,1217640,卖盘
2176,11:15:45,10.95,-0.01,64,70080,卖盘
2177,11:15:42,10.96,0.01,50,54800,买盘
2178,11:15:39,10.95,--,324,355218,卖盘
2179,11:15:36,10.95,--,46,50370,卖盘
2180,11:15:33,10.95,-0.01,379,415005,卖盘
2181,11:15:30,10.96,--,28,30688,买盘
2182,11:15:27,10.96,--,134,146864,买盘
2183,11:15:24,10.96,0.01,230,252080,买盘
2184,11:15:21,10.95,-0.02,352,386228,卖盘
2185,11:15:18,10.97,0.01,129,141513,买盘
2186,11:15:15,10.96,-0.02,1073,1176314,卖盘
2187,11:15:12,10.98,--,911,1000278,买盘
2188,11:15:06,10.98,0.01,329,361242,买盘
2189,11:15:03,10.97,0.01,42,46074,中性盘
2190,11:15:00,10.96,-0.02,23,25208,卖盘
2191,11:14:54,10.98,0.02,79,86742,买盘
2192,11:14:51,10.96,--,56,61376,卖盘
2193,11:14:48,10.96,-0.02,27,29592,卖盘
2194,11:14:45,10.98,--,22,24156,买盘
2195,11:14:42,10.98,0.02,63,69174,买盘
2196,11:14:39,10.96,-0.02,1027,1125592,卖盘
2197,11:14:36,10.98,0.01,106,116388,买盘
2198,11:14:33,10.97,-0.01,30,32910,卖盘
2199,11:14:30,10.98,0.02,5,5490,卖盘
2200,11:14:27,10.96,--,27,29592,卖盘
2201,11:14:24,10.96,-0.01,512,561152,卖盘
2202,11:14:21,10.97,--,350,383950,买盘
2203,11:14:18,10.97,0.01,90,98730,买盘
2204,11:14:15,10.96,-0.03,392,429632,卖盘
2205,11:14:12,10.99,0.02,450,494550,买盘
2206,11:14:09,10.97,-0.01,237,259989,卖盘
2207,11:14:06,10.98,--,48,52704,买盘
2208,11:14:03,10.98,--,11,12078,买盘
2209,11:14:00,10.98,0.01,101,110898,买盘
2210,11:13:57,10.97,--,80,87760,卖盘
2211,11:13:54,10.97,-0.01,27,29619,卖盘
2212,11:13:51,10.98,--,5,5490,买盘
2213,11:13:45,10.98,0.01,13,14274,买盘
2214,11:13:42,10.97,--,141,154677,卖盘
2215,11:13:39,10.97,--,50,54850,卖盘
2216,11:13:33,10.97,--,12,13164,卖盘
2217,11:13:30,10.97,--,28,30716,卖盘
2218,11:13:27,10.97,-0.01,101,110797,中性盘
2219,11:13:24,10.98,-0.01,172,188856,中性盘
2220,11:13:18,10.99,0.01,428,470372,买盘
2221,11:13:15,10.98,0.01,521,572058,中性盘
2222,11:13:12,10.97,-0.01,370,405890,卖盘
2223,11:13:09,10.98,--,313,343674,买盘
2224,11:13:06,10.98,--,89,97722,买盘
2225,11:13:03,10.98,0.01,61,66978,买盘
2226,11:13:00,10.97,--,52,57044,卖盘
2227,11:12:57,10.97,-0.01,1055,1157335,卖盘
2228,11:12:54,10.98,--,511,561078,买盘
2229,11:12:51,10.98,--,1,1098,买盘
2230,11:12:48,10.98,--,177,194346,买盘
2231,11:12:45,10.98,0.01,41,45018,买盘
2232,11:12:42,10.97,-0.01,78,85566,卖盘
2233,11:12:39,10.98,0.01,5,5490,买盘
2234,11:12:33,10.97,-0.01,145,159065,卖盘
2235,11:12:30,10.98,--,139,152622,买盘
2236,11:12:27,10.98,--,55,60390,买盘
2237,11:12:24,10.98,--,60,65880,买盘
2238,11:12:21,10.98,--,14,15372,买盘
2239,11:12:18,10.98,0.01,32,35136,中性盘
2240,11:12:15,10.97,-0.01,9,9873,卖盘
2241,11:12:12,10.98,-0.01,23,25254,卖盘
2242,11:12:09,10.99,--,114,125286,买盘
2243,11:12:06,10.99,0.01,333,365967,买盘
2244,11:12:03,10.98,--,40,43920,中性盘
2245,11:12:00,10.98,--,1022,1122156,卖盘
2246,11:11:54,10.98,--,24,26352,卖盘
2247,11:11:51,10.98,--,181,198738,买盘
2248,11:11:48,10.98,--,4,4392,卖盘
2249,11:11:45,10.98,--,46,50508,买盘
2250,11:11:42,10.98,--,33,36234,买盘
2251,11:11:39,10.98,--,179,196542,买盘
2252,11:11:33,10.98,--,92,101016,卖盘
2253,11:11:27,10.98,--,81,88938,买盘
2254,11:11:24,10.98,--,46,50508,买盘
2255,11:11:21,10.98,--,9,9882,买盘
2256,11:11:18,10.98,--,34,37332,买盘
2257,11:11:15,10.98,--,20,21960,买盘
2258,11:11:12,10.98,--,110,120780,卖盘
2259,11:11:06,10.98,--,27,29646,卖盘
2260,11:11:03,10.98,--,36,39528,卖盘
2261,11:11:00,10.98,--,1,1098,买盘
2262,11:10:57,10.98,0.01,156,171288,中性盘
2263,11:10:54,10.97,-0.01,408,447576,卖盘
2264,11:10:51,10.98,--,101,110898,买盘
2265,11:10:48,10.98,--,186,204228,买盘
2266,11:10:42,10.98,--,1,1098,买盘
2267,11:10:39,10.98,--,100,109800,买盘
2268,11:10:36,10.98,0.01,1,1098,买盘
2269,11:10:33,10.97,-0.01,209,229338,卖盘
2270,11:10:27,10.98,--,98,107604,卖盘
2271,11:10:24,10.98,-0.02,26,28548,卖盘
2272,11:10:18,11.0,0.02,113,124300,买盘
2273,11:10:15,10.98,--,32,35136,卖盘
2274,11:10:12,10.98,--,100,109800,卖盘
2275,11:10:09,10.98,-0.01,23,25254,卖盘
2276,11:10:06,10.99,0.01,21,23079,买盘
2277,11:10:03,10.98,--,16,17568,卖盘
2278,11:10:00,10.98,--,15,16470,卖盘
2279,11:09:57,10.98,-0.01,26,28548,卖盘
2280,11:09:54,10.99,0.01,5,5495,中性盘
2281,11:09:51,10.98,--,100,109800,卖盘
2282,11:09:48,10.98,--,356,390888,卖盘
2283,11:09:42,10.98,--,106,116388,卖盘
2284,11:09:36,10.98,--,166,182268,卖盘
2285,11:09:33,10.98,--,69,75762,卖盘
2286,11:09:30,10.98,--,72,79056,卖盘
2287,11:09:27,10.98,--,27,29646,卖盘
2288,11:09:24,10.98,-0.01,10,10980,卖盘
2289,11:09:21,10.99,0.01,11,12089,中性盘
2290,11:09:18,10.98,-0.01,9,9882,卖盘
2291,11:09:15,10.99,--,32,35168,卖盘
2292,11:09:09,10.99,--,7,7693,买盘
2293,11:09:06,10.99,--,11,12089,买盘
2294,11:09:03,10.99,0.01,321,352779,买盘
2295,11:09:00,10.98,-0.01,204,223992,卖盘
2296,11:08:57,10.99,0.01,13,14287,买盘
2297,11:08:54,10.98,--,17,18666,卖盘
2298,11:08:51,10.98,--,46,50508,卖盘
2299,11:08:45,10.98,--,2660,2920680,卖盘
2300,11:08:42,10.98,-0.02,35,38430,卖盘
2301,11:08:39,11.0,--,324,356400,买盘
2302,11:08:30,11.0,--,47,51700,买盘
2303,11:08:27,11.0,--,116,127600,买盘
2304,11:08:21,11.0,--,257,282700,买盘
2305,11:08:15,11.0,--,20,22000,买盘
2306,11:08:12,11.0,0.02,386,424600,买盘
2307,11:08:09,10.98,-0.02,116,127368,卖盘
2308,11:08:06,11.0,0.01,145,159500,买盘
2309,11:08:00,10.99,--,860,945161,买盘
2310,11:07:57,10.99,0.01,70,76930,买盘
2311,11:07:54,10.98,-0.01,26,28548,卖盘
2312,11:07:51,10.99,0.01,120,131880,买盘
2313,11:07:48,10.98,-0.01,122,133956,卖盘
2314,11:07:45,10.99,--,37,40663,买盘
2315,11:07:42,10.99,--,4,4396,买盘
2316,11:07:39,10.99,0.01,5,5495,买盘
2317,11:07:36,10.98,--,2,2196,卖盘
2318,11:07:33,10.98,-0.01,30,32940,卖盘
2319,11:07:30,10.99,0.01,324,356076,中性盘
2320,11:07:24,10.98,-0.02,27,29646,卖盘
2321,11:07:21,11.0,0.01,14,15400,买盘
2322,11:07:18,10.99,0.01,158,173642,买盘
2323,11:07:15,10.98,--,24,26352,卖盘
2324,11:07:12,10.98,-0.01,155,170190,卖盘
2325,11:07:06,10.99,0.01,30,32970,买盘
2326,11:07:03,10.98,--,31,34038,卖盘
2327,11:07:00,10.98,--,5,5490,卖盘
2328,11:06:51,10.98,--,20,21960,卖盘
2329,11:06:48,10.98,-0.01,39,42822,卖盘
2330,11:06:45,10.99,--,1,1099,买盘
2331,11:06:42,10.99,--,62,68138,买盘
2332,11:06:36,10.99,--,167,183533,卖盘
2333,11:06:33,10.99,--,52,57148,卖盘
2334,11:06:30,10.99,--,286,314314,卖盘
2335,11:06:27,10.99,-0.01,46,50554,卖盘
2336,11:06:24,11.0,--,100,110000,买盘
2337,11:06:21,11.0,0.01,766,842600,买盘
2338,11:06:18,10.99,--,410,450590,卖盘
2339,11:06:15,10.99,-0.01,59,64841,卖盘
2340,11:06:12,11.0,0.01,61,67100,买盘
2341,11:06:09,10.99,--,75,82425,卖盘
2342,11:06:06,10.99,-0.01,69,75831,卖盘
2343,11:06:03,11.0,0.01,7,7700,买盘
2344,11:06:00,10.99,-0.01,49,53851,卖盘
2345,11:05:57,11.0,0.01,202,222200,买盘
2346,11:05:54,10.99,-0.01,10,10990,卖盘
2347,11:05:51,11.0,0.01,696,765600,买盘
2348,11:05:48,10.99,--,141,154959,卖盘
2349,11:05:42,10.99,--,126,138474,卖盘
2350,11:05:36,10.99,--,52,57148,卖盘
2351,11:05:33,10.99,-0.01,30,32970,卖盘
2352,11:05:30,11.0,--,60,66000,买盘
2353,11:05:27,11.0,--,85,93500,买盘
2354,11:05:24,11.0,0.01,1,1100,买盘
2355,11:05:21,10.99,-0.02,254,279959,卖盘
2356,11:05:18,11.01,0.01,530,583530,买盘
2357,11:05:15,11.0,--,103,113454,卖盘
2358,11:05:12,11.0,--,206,226600,卖盘
2359,11:05:09,11.0,--,119,130900,卖盘
2360,11:05:06,11.0,--,71,78100,卖盘
2361,11:05:03,11.0,--,72,79200,卖盘
2362,11:05:00,11.0,--,31,34100,卖盘
2363,11:04:57,11.0,--,17,18700,卖盘
2364,11:04:51,11.0,--,27,29700,卖盘
2365,11:04:48,11.0,-0.01,278,305800,卖盘
2366,11:04:45,11.01,--,30,33030,买盘
2367,11:04:42,11.01,0.01,186,204786,买盘
2368,11:04:39,11.0,-0.01,169,185900,卖盘
2369,11:04:36,11.01,0.01,15,16515,买盘
2370,11:04:27,11.0,-0.01,48,52800,卖盘
2371,11:04:24,11.01,0.01,50,55050,买盘
2372,11:04:21,11.0,--,5,5500,卖盘
2373,11:04:18,11.0,--,54,59532,卖盘
2374,11:04:15,11.0,-0.01,53,58300,卖盘
2375,11:04:12,11.01,--,1,1101,买盘
2376,11:04:09,11.01,--,680,748680,卖盘
2377,11:04:06,11.01,-0.01,76,83676,卖盘
2378,11:04:03,11.02,--,21,23142,买盘
2379,11:04:00,11.02,--,138,152076,买盘
2380,11:03:57,11.02,0.01,191,210482,买盘
2381,11:03:54,11.01,-0.01,45,49545,卖盘
2382,11:03:45,11.02,0.01,26,28652,买盘
2383,11:03:42,11.01,--,14,15414,卖盘
2384,11:03:39,11.01,-0.01,6,6606,卖盘
2385,11:03:36,11.02,0.01,430,473860,买盘
2386,11:03:33,11.01,-0.01,31,34131,卖盘
2387,11:03:30,11.02,0.01,656,722912,买盘
2388,11:03:27,11.01,--,10,11010,卖盘
2389,11:03:21,11.01,--,26,28626,卖盘
2390,11:03:15,11.01,-0.01,155,170655,卖盘
2391,11:03:09,11.02,--,321,353742,卖盘
2392,11:03:06,11.02,--,5,5510,卖盘
2393,11:03:03,11.02,--,68,74936,卖盘
2394,11:02:57,11.02,--,34,37468,卖盘
2395,11:02:54,11.02,--,50,55100,卖盘
2396,11:02:48,11.02,--,109,120118,卖盘
2397,11:02:45,11.02,-0.01,96,105792,卖盘
2398,11:02:42,11.03,0.02,382,421346,买盘
2399,11:02:36,11.01,--,145,159645,卖盘
2400,11:02:27,11.01,-0.01,47,51747,卖盘
2401,11:02:24,11.02,0.01,8,8816,卖盘
2402,11:02:18,11.01,--,9,9909,卖盘
2403,11:02:12,11.01,-0.02,36,39636,卖盘
2404,11:02:06,11.03,--,55,60665,买盘
2405,11:02:03,11.03,0.01,175,193025,买盘
2406,11:02:00,11.02,-0.01,33,36366,卖盘
2407,11:01:57,11.03,0.01,312,344136,买盘
2408,11:01:54,11.02,-0.01,81,89416,卖盘
2409,11:01:51,11.03,--,10,11030,卖盘
2410,11:01:42,11.03,--,42,46326,卖盘
2411,11:01:39,11.03,--,96,106836,买盘
2412,11:01:36,11.03,0.02,10,11030,买盘
2413,11:01:33,11.01,--,2,2202,卖盘
2414,11:01:30,11.01,-0.02,50,55050,卖盘
2415,11:01:27,11.03,0.02,1,1103,买盘
2416,11:01:21,11.01,-0.02,33,36333,卖盘
2417,11:01:18,11.03,--,404,445612,买盘
2418,11:01:12,11.03,--,1,1103,买盘
2419,11:01:09,11.03,0.02,5,5515,买盘
2420,11:01:00,11.01,-0.02,34,37434,卖盘
2421,11:00:57,11.03,--,59,65076,买盘
2422,11:00:54,11.03,0.02,50,55150,买盘
2423,11:00:45,11.01,-0.02,26,28626,卖盘
2424,11:00:42,11.03,0.02,125,137875,买盘
2425,11:00:39,11.01,--,42,46242,卖盘
2426,11:00:36,11.01,0.01,80,88080,中性盘
2427,11:00:24,11.0,-0.01,2027,2229700,卖盘
2428,11:00:18,11.01,0.01,226,248826,买盘
2429,11:00:15,11.0,-0.01,77,84700,卖盘
2430,11:00:06,11.01,0.01,1209,1331109,买盘
2431,11:00:03,11.0,-0.01,59,64900,卖盘
2432,10:59:57,11.01,--,261,287361,买盘
2433,10:59:51,11.01,--,26,28626,买盘
2434,10:59:48,11.01,--,58,63858,买盘
2435,10:59:45,11.01,--,31,34131,买盘
2436,10:59:42,11.01,-0.02,160,176160,卖盘
2437,10:59:39,11.03,0.02,9,9927,买盘
2438,10:59:36,11.01,-0.01,30,33030,卖盘
2439,10:59:33,11.02,-0.01,56,61712,卖盘
2440,10:59:27,11.03,0.02,5,5515,买盘
2441,10:59:23,11.01,-0.01,30,33030,卖盘
2442,10:59:20,11.02,0.01,13,14326,中性盘
2443,10:59:17,11.01,-0.01,139,153039,卖盘
2444,10:59:11,11.02,--,20,22040,买盘
2445,10:59:08,11.02,--,178,196156,买盘
2446,10:59:02,11.02,--,22,24244,买盘
2447,10:58:59,11.02,0.01,20,22040,买盘
2448,10:58:56,11.01,-0.01,129,142029,卖盘
2449,10:58:53,11.02,0.01,406,447412,买盘
2450,10:58:50,11.01,0.01,40,44040,买盘
2451,10:58:47,11.0,-0.01,31,34100,卖盘
2452,10:58:41,11.01,--,120,132120,买盘
2453,10:58:38,11.01,--,70,77070,买盘
2454,10:58:35,11.01,--,125,137625,买盘
2455,10:58:23,11.01,--,48,52848,买盘
2456,10:58:20,11.01,--,56,61656,买盘
2457,10:58:17,11.01,0.01,89,97989,买盘
2458,10:58:14,11.0,-0.01,25,27500,卖盘
2459,10:58:08,11.01,--,2,2202,买盘
2460,10:58:05,11.01,--,110,121110,买盘
2461,10:58:02,11.01,0.01,239,263139,买盘
2462,10:57:56,11.0,--,5,5500,卖盘
2463,10:57:53,11.0,-0.01,11,12100,卖盘
2464,10:57:50,11.01,0.01,123,135423,买盘
2465,10:57:47,11.0,-0.01,4,4400,卖盘
2466,10:57:44,11.01,0.01,2,2202,买盘
2467,10:57:41,11.0,-0.01,25,27500,卖盘
2468,10:57:38,11.01,-0.01,70,77070,中性盘
2469,10:57:29,11.02,0.02,101,111302,买盘
2470,10:57:26,11.0,-0.01,27,29700,卖盘
2471,10:57:23,11.01,0.01,19,20919,买盘
2472,10:57:20,11.0,--,2,2200,卖盘
2473,10:57:17,11.0,--,34,37400,卖盘
2474,10:57:14,11.0,--,9,9900,卖盘
2475,10:57:05,11.0,--,28,30800,卖盘
2476,10:57:02,11.0,-0.01,4,4400,卖盘
2477,10:56:56,11.01,0.01,255,280755,买盘
2478,10:56:53,11.0,-0.01,101,111100,卖盘
2479,10:56:50,11.01,--,24,26424,买盘
2480,10:56:44,11.01,--,61,67161,买盘
2481,10:56:41,11.01,--,40,44040,买盘
2482,10:56:38,11.01,0.01,20,22020,买盘
2483,10:56:35,11.0,-0.01,25,27500,卖盘
2484,10:56:32,11.01,--,2,2202,买盘
2485,10:56:29,11.01,0.01,10,11010,买盘
2486,10:56:23,11.0,-0.01,45,49500,卖盘
2487,10:56:17,11.01,0.01,100,110100,买盘
2488,10:56:14,11.0,--,159,174900,卖盘
2489,10:56:11,11.0,--,26,28600,卖盘
2490,10:56:08,11.0,-0.01,7,7700,卖盘
2491,10:56:05,11.01,0.01,24,26424,买盘
2492,10:56:02,11.0,--,1,1100,卖盘
2493,10:55:59,11.0,--,108,118800,买盘
2494,10:55:53,11.0,--,121,133100,买盘
2495,10:55:50,11.0,--,190,209000,买盘
2496,10:55:47,11.0,--,30,33000,买盘
2497,10:55:44,11.0,-0.01,2,2200,买盘
2498,10:55:41,11.01,0.02,109,120009,买盘
2499,10:55:38,10.99,-0.01,98,107702,卖盘
2500,10:55:35,11.0,0.01,25,27500,卖盘
2501,10:55:29,10.99,--,33,36267,卖盘
2502,10:55:23,10.99,-0.02,117,128583,卖盘
2503,10:55:20,11.01,0.01,120,132120,买盘
2504,10:55:17,11.0,--,90,99000,买盘
2505,10:55:11,11.0,0.01,31,34100,买盘
2506,10:55:02,10.99,-0.01,129,141771,卖盘
2507,10:54:59,11.0,--,56,61600,买盘
2508,10:54:56,11.0,0.01,29,31900,买盘
2509,10:54:53,10.99,--,32,35168,卖盘
2510,10:54:50,10.99,--,220,241780,卖盘
2511,10:54:44,10.99,--,100,109900,卖盘
2512,10:54:41,10.99,-0.01,52,57148,卖盘
2513,10:54:38,11.0,--,1,1100,买盘
2514,10:54:35,11.0,0.01,14,15400,买盘
2515,10:54:32,10.99,-0.01,26,28574,卖盘
2516,10:54:26,11.0,0.01,100,110000,买盘
2517,10:54:23,10.99,--,5,5495,卖盘
2518,10:54:20,10.99,--,33,36267,卖盘
2519,10:54:17,10.99,--,30,32970,卖盘
2520,10:54:14,10.99,--,548,602252,卖盘
2521,10:54:11,10.99,-0.01,53,58247,卖盘
2522,10:54:08,11.0,0.01,1370,1507000,买盘
2523,10:54:02,10.99,-0.01,5,5495,卖盘
2524,10:53:59,11.0,0.01,62,68200,买盘
2525,10:53:56,10.99,-0.01,28,30772,卖盘
2526,10:53:53,11.0,--,18,19800,买盘
2527,10:53:50,11.0,--,161,177100,买盘
2528,10:53:47,11.0,--,25,27500,买盘
2529,10:53:44,11.0,--,40,44000,买盘
2530,10:53:41,11.0,0.01,2,2200,买盘
2531,10:53:38,10.99,-0.01,20,21980,卖盘
2532,10:53:35,11.0,0.01,22,24200,买盘
2533,10:53:26,10.99,-0.01,25,27475,卖盘
2534,10:53:20,11.0,-0.01,118,129800,卖盘
2535,10:53:17,11.01,0.01,10,11010,买盘
2536,10:53:14,11.0,-0.01,24,26400,卖盘
2537,10:53:11,11.01,--,108,118908,买盘
2538,10:53:05,11.01,--,61,67161,买盘
2539,10:52:59,11.01,--,1,1101,买盘
2540,10:52:53,11.01,0.02,101,111201,买盘
2541,10:52:50,10.99,-0.02,27,29673,卖盘
2542,10:52:44,11.01,0.01,3,3303,买盘
2543,10:52:41,11.0,-0.01,52,57200,中性盘
2544,10:52:35,11.01,--,2023,2227323,买盘
2545,10:52:32,11.01,0.01,121,133221,买盘
2546,10:52:29,11.0,-0.01,75,82500,卖盘
2547,10:52:20,11.01,0.02,585,644833,买盘
2548,10:52:17,10.99,-0.01,9,9891,卖盘
2549,10:52:14,11.0,--,30,33000,买盘
2550,10:52:11,11.0,0.01,33,36300,买盘
2551,10:52:08,10.99,-0.01,42,46597,卖盘
2552,10:52:05,11.0,--,39,42900,买盘
2553,10:52:02,11.0,--,29,31900,买盘
2554,10:51:59,11.0,--,48,52800,买盘
2555,10:51:56,11.0,--,130,143000,买盘
2556,10:51:53,11.0,0.01,14,15400,买盘
2557,10:51:50,10.99,-0.01,500,549500,卖盘
2558,10:51:44,11.0,--,102,112200,买盘
2559,10:51:41,11.0,--,5,5500,买盘
2560,10:51:35,11.0,--,75,82500,买盘
2561,10:51:29,11.0,0.02,369,405900,买盘
2562,10:51:23,10.98,-0.01,33,36234,卖盘
2563,10:51:20,10.99,-0.01,400,439600,卖盘
2564,10:51:14,11.0,--,216,237600,买盘
2565,10:51:11,11.0,--,50,55000,买盘
2566,10:51:08,11.0,0.01,1,1100,买盘
2567,10:51:05,10.99,--,143,157157,卖盘
2568,10:51:02,10.99,--,2027,2227673,卖盘
2569,10:50:59,10.99,--,30,32970,卖盘
2570,10:50:56,10.99,--,10,11033,买盘
2571,10:50:53,10.99,--,133,146167,买盘
2572,10:50:47,10.99,--,760,835240,买盘
2573,10:50:44,10.99,--,19,20881,买盘
2574,10:50:41,10.99,0.01,134,147266,买盘
2575,10:50:35,10.98,-0.01,10,10980,卖盘
2576,10:50:29,10.99,0.01,5,5495,买盘
2577,10:50:26,10.98,-0.01,51,55998,卖盘
2578,10:50:23,10.99,0.01,56,61544,买盘
2579,10:50:20,10.98,-0.01,327,359046,卖盘
2580,10:50:17,10.99,--,554,608846,买盘
2581,10:50:14,10.99,0.01,1,1099,买盘
2582,10:50:11,10.98,-0.01,5,5490,卖盘
2583,10:50:08,10.99,0.01,50,54950,买盘
2584,10:50:05,10.98,--,309,339282,卖盘
2585,10:50:02,10.98,-0.01,40,43920,卖盘
2586,10:49:59,10.99,--,11,12089,买盘
2587,10:49:56,10.99,0.01,164,180236,买盘
2588,10:49:44,10.98,--,59,64782,卖盘
2589,10:49:41,10.98,-0.01,69,75762,卖盘
2590,10:49:38,10.99,--,1,1099,买盘
2591,10:49:35,10.99,0.01,54,59346,买盘
2592,10:49:32,10.98,-0.01,137,150426,卖盘
2593,10:49:29,10.99,--,27,29673,买盘
2594,10:49:23,10.99,--,45,49455,买盘
2595,10:49:20,10.99,--,33,36267,买盘
2596,10:49:17,10.99,--,663,729692,卖盘
2597,10:49:14,10.99,--,13,14287,卖盘
2598,10:49:11,10.99,--,25,27475,卖盘
2599,10:49:08,10.99,-0.01,96,105504,卖盘
2600,10:49:05,11.0,0.01,29,31900,买盘
2601,10:49:02,10.99,--,2,2198,卖盘
2602,10:48:59,10.99,-0.01,259,284641,卖盘
2603,10:48:53,11.0,0.01,135,148500,买盘
2604,10:48:50,10.99,--,32,35168,卖盘
2605,10:48:47,10.99,-0.01,45,49455,卖盘
2606,10:48:41,11.0,--,75,82500,买盘
2607,10:48:38,11.0,--,30,33000,买盘
2608,10:48:32,11.0,0.01,21,23100,买盘
2609,10:48:29,10.99,-0.01,246,270354,卖盘
2610,10:48:26,11.0,--,8,8800,买盘
2611,10:48:23,11.0,0.01,50,55000,买盘
2612,10:48:20,10.99,-0.01,50,54950,卖盘
2613,10:48:17,11.0,0.01,126,138600,买盘
2614,10:48:11,10.99,-0.01,64,70336,卖盘
2615,10:48:05,11.0,0.01,30,33000,买盘
2616,10:48:02,10.99,-0.01,6,6594,卖盘
2617,10:47:59,11.0,--,121,133100,买盘
2618,10:47:56,11.0,0.01,21,23100,买盘
2619,10:47:53,10.99,--,28,30772,卖盘
2620,10:47:50,10.99,-0.01,16,17627,卖盘
2621,10:47:47,11.0,--,42,46200,买盘
2622,10:47:44,11.0,0.01,77,84700,买盘
2623,10:47:41,10.99,-0.01,84,92316,卖盘
2624,10:47:38,11.0,--,3,3300,买盘
2625,10:47:35,11.0,--,103,113300,买盘
2626,10:47:32,11.0,--,49,53900,买盘
2627,10:47:29,11.0,0.01,20,22000,买盘
2628,10:47:26,10.99,-0.01,83,91217,卖盘
2629,10:47:20,11.0,0.01,65,71500,买盘
2630,10:47:14,10.99,--,5,5495,卖盘
2631,10:47:11,10.99,-0.01,39,42861,卖盘
2632,10:47:05,11.0,--,11,12100,买盘
2633,10:47:02,11.0,--,317,348964,卖盘
2634,10:46:59,11.0,-0.01,349,383900,卖盘
2635,10:46:56,11.01,--,116,127716,买盘
2636,10:46:53,11.01,0.01,1,1101,买盘
2637,10:46:50,11.0,--,9,9900,卖盘
2638,10:46:47,11.0,--,61,67100,卖盘
2639,10:46:41,11.0,0.01,17,19536,买盘
2640,10:46:38,10.99,-0.01,25,27475,卖盘
2641,10:46:35,11.0,--,50,55000,买盘
2642,10:46:32,11.0,--,357,392964,卖盘
2643,10:46:29,11.0,--,27,29700,卖盘
2644,10:46:26,11.0,--,25,27500,卖盘
2645,10:46:20,11.0,--,138,151800,卖盘
2646,10:46:17,11.0,--,54,59400,卖盘
2647,10:46:14,11.0,--,6,7436,买盘
2648,10:46:11,11.0,--,7,7700,买盘
2649,10:46:08,11.0,0.01,44,48400,买盘
2650,10:46:05,10.99,-0.01,26,28574,卖盘
2651,10:46:02,11.0,-0.01,1,1100,中性盘
2652,10:45:53,11.01,0.01,398,438198,买盘
2653,10:45:50,11.0,--,45,49500,卖盘
2654,10:45:47,11.0,-0.01,7,7700,卖盘
2655,10:45:44,11.01,0.01,100,110100,买盘
2656,10:45:41,11.0,--,34,37400,卖盘
2657,10:45:38,11.0,--,105,115500,卖盘
2658,10:45:35,11.0,--,6,6600,卖盘
2659,10:45:32,11.0,--,81,89100,卖盘
2660,10:45:29,11.0,-0.01,3,3300,卖盘
2661,10:45:26,11.01,0.01,2,2202,买盘
2662,10:45:20,11.0,--,67,73700,卖盘
2663,10:45:17,11.0,--,9,9900,卖盘
2664,10:45:14,11.0,--,4,4400,卖盘
2665,10:45:11,11.0,-0.01,27,29700,卖盘
2666,10:45:08,11.01,0.02,151,166251,买盘
2667,10:45:05,10.99,-0.01,12,13188,卖盘
2668,10:45:02,11.0,0.01,48,52800,买盘
2669,10:44:59,10.99,-0.01,28,30772,卖盘
2670,10:44:56,11.0,--,50,55000,买盘
2671,10:44:53,11.0,--,23,25300,买盘
2672,10:44:50,11.0,--,96,105600,买盘
2673,10:44:44,11.0,--,1819,2001824,卖盘
2674,10:44:41,11.0,-0.01,103,113300,卖盘
2675,10:44:38,11.01,0.01,5,5505,买盘
2676,10:44:35,11.0,-0.01,731,804276,卖盘
2677,10:44:29,11.01,--,250,275250,买盘
2678,10:44:26,11.01,--,50,55050,买盘
2679,10:44:17,11.01,0.01,12,13212,买盘
2680,10:44:14,11.0,-0.01,265,291500,卖盘
2681,10:44:08,11.01,0.01,1,1101,买盘
2682,10:44:05,11.0,--,42,46200,卖盘
2683,10:44:02,11.0,-0.01,1,1100,卖盘
2684,10:43:59,11.01,--,220,242220,买盘
2685,10:43:56,11.01,--,183,201483,买盘
2686,10:43:50,11.01,0.01,40,44040,买盘
2687,10:43:47,11.0,--,50,55000,卖盘
2688,10:43:35,11.0,0.01,258,284812,买盘
2689,10:43:32,10.99,-0.01,9,9891,卖盘
2690,10:43:29,11.0,--,82,90200,买盘
2691,10:43:26,11.0,--,453,498300,买盘
2692,10:43:23,11.0,--,20,22000,买盘
2693,10:43:20,11.0,--,165,181500,买盘
2694,10:43:17,11.0,0.01,250,275000,买盘
2695,10:43:14,10.99,-0.01,141,154959,卖盘
2696,10:43:11,11.0,0.01,98,107800,买盘
2697,10:43:08,10.99,-0.01,30,32970,卖盘
2698,10:43:05,11.0,--,57,62700,买盘
2699,10:43:02,11.0,--,208,228800,买盘
2700,10:42:59,11.0,--,533,586300,买盘
2701,10:42:56,11.0,--,26,28600,买盘
2702,10:42:53,11.0,--,87,95700,买盘
2703,10:42:50,11.0,-0.01,212,233288,卖盘
2704,10:42:44,11.01,0.01,6,6606,买盘
2705,10:42:41,11.0,--,587,645832,卖盘
2706,10:42:38,11.0,-0.01,26,28600,卖盘
2707,10:42:35,11.01,0.01,10,11010,买盘
2708,10:42:26,11.0,--,4,4400,卖盘
2709,10:42:23,11.0,--,26,28600,卖盘
2710,10:42:20,11.0,--,1,1100,卖盘
2711,10:42:17,11.0,--,151,166100,卖盘
2712,10:42:14,11.0,-0.01,39,42900,卖盘
2713,10:42:08,11.01,0.01,1,1101,买盘
2714,10:42:05,11.0,--,52,57200,卖盘
2715,10:42:02,11.0,-0.01,28,30800,卖盘
2716,10:41:59,11.01,0.01,136,149736,买盘
2717,10:41:53,11.0,-0.01,36,39600,卖盘
2718,10:41:47,11.01,0.01,117,128817,买盘
2719,10:41:41,11.0,-0.01,5028,5530800,卖盘
2720,10:41:38,11.01,--,102,112302,买盘
2721,10:41:35,11.01,0.01,1,1101,买盘
2722,10:41:32,11.0,-0.01,687,755700,卖盘
2723,10:41:29,11.01,--,15,16515,买盘
2724,10:41:26,11.01,-0.03,1552,1709742,卖盘
2725,10:41:20,11.04,0.02,134,147936,买盘
2726,10:41:14,11.02,--,11,12122,买盘
2727,10:41:11,11.02,0.01,1,1102,买盘
2728,10:41:08,11.01,-0.02,625,688125,卖盘
2729,10:41:05,11.03,-0.01,9,9927,卖盘
2730,10:40:59,11.04,0.02,26,28703,买盘
2731,10:40:56,11.02,-0.02,27,29754,卖盘
2732,10:40:50,11.04,0.02,22,24287,买盘
2733,10:40:47,11.02,--,25,27550,卖盘
2734,10:40:44,11.02,-0.02,23,25346,卖盘
2735,10:40:41,11.04,0.01,103,113711,买盘
2736,10:40:38,11.03,0.01,23,25369,买盘
2737,10:40:35,11.02,--,27,29754,卖盘
2738,10:40:32,11.02,-0.01,7,7714,卖盘
2739,10:40:29,11.03,0.01,12,13236,买盘
2740,10:40:26,11.02,--,128,141056,卖盘
2741,10:40:17,11.02,--,9,9918,卖盘
