,time,price,change,volume,amount,type
0,15:00:20,10.81,-0.01,2618,2830058,卖盘
1,14:57:38,10.82,--,0,0,卖盘
2,14:56:59,10.82,--,494,534594,买盘
3,14:56:56,10.82,0.01,182,196924,买盘
4,14:56:53,10.81,--,42,45402,买盘
5,14:56:50,10.81,-0.01,107,115710,卖盘
6,14:56:47,10.82,0.01,10,10820,买盘
7,14:56:44,10.81,-0.01,60,64860,卖盘
8,14:56:41,10.82,--,115,124473,买盘
9,14:56:35,10.82,0.01,30,32460,买盘
10,14:56:32,10.81,-0.01,1036,1119916,卖盘
11,14:56:29,10.82,0.01,120,129840,买盘
12,14:56:26,10.81,-0.01,136,148053,卖盘
13,14:56:20,10.82,--,2,2164,买盘
14,14:56:17,10.82,--,2,2164,买盘
15,14:56:14,10.82,0.01,21,22765,买盘
16,14:56:08,10.81,-0.01,420,455057,卖盘
17,14:56:05,10.82,--,48,51936,买盘
18,14:56:02,10.82,--,29,31421,买盘
19,14:55:59,10.82,0.01,4,4328,买盘
20,14:55:53,10.81,-0.01,0,1037,卖盘
21,14:55:50,10.82,--,123,133129,买盘
22,14:55:47,10.82,--,106,114692,买盘
23,14:55:44,10.82,--,24,27006,买盘
24,14:55:41,10.82,0.01,8,8656,买盘
25,14:55:38,10.81,--,432,466992,卖盘
26,14:55:35,10.81,--,20,21620,卖盘
27,14:55:32,10.81,-0.01,1,1124,卖盘
28,14:55:29,10.82,0.01,646,700010,买盘
29,14:55:26,10.81,-0.01,15,16258,卖盘
30,14:55:23,10.82,--,10,10820,买盘
31,14:55:14,10.82,0.01,12,12984,买盘
32,14:55:11,10.81,--,52,56212,卖盘
33,14:55:08,10.81,-0.01,38,41078,卖盘
34,14:55:05,10.82,0.01,34,37826,买盘
35,14:54:56,10.81,--,40,43240,卖盘
36,14:54:53,10.81,--,15,16258,卖盘
37,14:54:50,10.81,-0.01,14,15134,卖盘
38,14:54:47,10.82,--,146,157972,买盘
39,14:54:44,10.82,--,2,3202,买盘
40,14:54:41,10.82,--,120,129840,买盘
41,14:54:38,10.82,0.01,12,12984,买盘
42,14:54:35,10.81,--,47,50850,卖盘
43,14:54:32,10.81,-0.01,90,97290,卖盘
44,14:54:29,10.82,--,2,2164,买盘
45,14:54:26,10.82,--,22,24842,买盘
46,14:54:20,10.82,--,376,406832,卖盘
47,14:54:17,10.82,--,17,18437,卖盘
48,14:54:14,10.82,--,20,22678,卖盘
49,14:54:11,10.82,--,1,1125,卖盘
50,14:54:08,10.82,--,0,1038,卖盘
51,14:54:05,10.82,--,25,27093,卖盘
52,14:54:02,10.82,-0.01,6,6492,卖盘
53,14:53:59,10.83,0.01,44,47652,买盘
54,14:53:56,10.82,0.01,10,10820,买盘
55,14:53:50,10.81,-0.01,26,29143,卖盘
56,14:53:47,10.82,0.01,1,1125,买盘
57,14:53:41,10.81,-0.01,249,269255,卖盘
58,14:53:35,10.82,0.01,2,2164,买盘
59,14:53:32,10.81,-0.01,39,42375,卖盘
60,14:53:29,10.82,0.01,20,21640,买盘
61,14:53:23,10.81,-0.01,50,54050,卖盘
62,14:53:20,10.82,0.01,20,21640,买盘
63,14:53:17,10.81,-0.01,32,34592,卖盘
64,14:53:14,10.82,-0.01,40,43280,卖盘
65,14:53:11,10.83,--,32,34656,买盘
66,14:53:08,10.83,0.02,14,15162,买盘
67,14:53:05,10.81,-0.01,57,61617,卖盘
68,14:53:02,10.82,0.01,11,11902,买盘
69,14:52:59,10.81,-0.01,182,196742,卖盘
70,14:52:56,10.82,0.01,20,21640,中性盘
71,14:52:53,10.81,-0.01,1747,1889198,卖盘
72,14:52:41,10.82,--,148,160136,买盘
73,14:52:32,10.82,--,3,3289,买盘
74,14:52:29,10.82,-0.01,164,178486,卖盘
75,14:52:20,10.83,0.01,8,8664,买盘
76,14:52:17,10.82,--,20,21640,卖盘
77,14:52:14,10.82,--,68,73576,卖盘
78,14:52:11,10.82,0.01,407,440417,买盘
79,14:52:08,10.81,--,0,1037,卖盘
80,14:52:05,10.81,--,1,1124,卖盘
81,14:52:02,10.81,--,100,108100,卖盘
82,14:51:59,10.81,--,32,35629,卖盘
83,14:51:56,10.81,--,10,10810,卖盘
84,14:51:53,10.81,--,99,107754,卖盘
85,14:51:47,10.81,--,220,237820,卖盘
86,14:51:44,10.81,--,4,4324,卖盘
87,14:51:41,10.81,-0.01,1,1081,卖盘
88,14:51:38,10.82,0.01,18,19476,买盘
89,14:51:32,10.81,-0.01,203,219443,卖盘
90,14:51:26,10.82,0.01,2,2164,买盘
91,14:51:23,10.81,--,11,11891,卖盘
92,14:51:17,10.81,--,30,32430,卖盘
93,14:51:14,10.81,--,140,151340,卖盘
94,14:51:11,10.81,-0.01,542,585902,卖盘
95,14:51:08,10.82,0.01,20,21640,买盘
96,14:51:05,10.81,-0.01,439,475250,卖盘
97,14:51:02,10.82,0.01,109,117938,买盘
98,14:50:59,10.81,-0.01,94,101614,卖盘
99,14:50:56,10.82,--,10,10820,买盘
100,14:50:47,10.82,0.01,19,20558,买盘
101,14:50:35,10.81,-0.01,188,203228,卖盘
102,14:50:29,10.82,--,62,67084,买盘
103,14:50:23,10.82,0.01,7,7574,买盘
104,14:50:20,10.81,--,6,6486,卖盘
105,14:50:17,10.81,-0.01,123,132963,卖盘
106,14:50:14,10.82,0.01,25,27352,买盘
107,14:50:11,10.81,-0.01,152,164830,卖盘
108,14:50:08,10.82,--,32,34624,卖盘
109,14:50:05,10.82,--,129,139578,卖盘
110,14:50:02,10.82,-0.01,54,58428,卖盘
111,14:49:59,10.83,0.01,36,38988,买盘
112,14:49:56,10.82,-0.01,14,15148,卖盘
113,14:49:53,10.83,0.01,242,262086,买盘
114,14:49:47,10.82,--,75,81712,卖盘
115,14:49:44,10.82,--,184,199088,卖盘
116,14:49:41,10.82,--,2,2164,卖盘
117,14:49:38,10.82,-0.01,20,21640,卖盘
118,14:49:29,10.83,0.01,111,120213,买盘
119,14:49:26,10.82,--,130,141092,卖盘
120,14:49:23,10.82,--,28,30296,卖盘
121,14:49:20,10.82,--,163,176366,卖盘
122,14:49:17,10.82,--,75,81150,卖盘
123,14:49:11,10.82,-0.01,1,1082,卖盘
124,14:49:08,10.83,--,261,283182,卖盘
125,14:49:05,10.83,--,18,19494,卖盘
126,14:49:02,10.83,--,255,276165,卖盘
127,14:48:56,10.83,-0.01,64,69312,卖盘
128,14:48:53,10.84,--,62,67771,买盘
129,14:48:50,10.84,--,5,5420,买盘
130,14:48:47,10.84,--,20,21680,买盘
131,14:48:44,10.84,--,464,503106,卖盘
132,14:48:41,10.84,--,24,26016,卖盘
133,14:48:38,10.84,--,200,216800,卖盘
134,14:48:35,10.84,--,649,703732,卖盘
135,14:48:32,10.84,--,51,55327,卖盘
136,14:48:29,10.84,--,102,111608,卖盘
137,14:48:23,10.84,--,329,356679,卖盘
138,14:48:20,10.84,--,410,444440,卖盘
139,14:48:14,10.84,--,264,287216,卖盘
140,14:48:11,10.84,--,109,118199,卖盘
141,14:48:08,10.84,--,351,380874,卖盘
142,14:48:02,10.84,--,181,196247,卖盘
143,14:47:59,10.84,--,336,364224,卖盘
144,14:47:56,10.84,--,144,156096,卖盘
145,14:47:53,10.84,--,665,721423,卖盘
146,14:47:50,10.84,--,248,269005,卖盘
147,14:47:47,10.84,--,248,269265,卖盘
148,14:47:38,10.84,--,557,603831,卖盘
149,14:47:35,10.84,--,24,26016,卖盘
150,14:47:29,10.84,--,54,59576,卖盘
151,14:47:26,10.84,-0.01,7,7631,卖盘
152,14:47:23,10.85,--,12,14061,买盘
153,14:47:20,10.85,0.01,7,7638,买盘
154,14:47:17,10.84,--,4,5376,卖盘
155,14:47:14,10.84,--,55,59663,卖盘
156,14:47:11,10.84,-0.01,6,6504,卖盘
157,14:47:08,10.85,--,146,159451,买盘
158,14:47:05,10.85,0.01,60,65100,买盘
159,14:47:02,10.84,--,9,9799,卖盘
160,14:46:59,10.84,--,99,107836,卖盘
161,14:46:53,10.84,--,100,108400,卖盘
162,14:46:50,10.84,--,16,17344,卖盘
163,14:46:47,10.84,-0.01,3,3252,卖盘
164,14:46:38,10.85,0.01,78,84630,买盘
165,14:46:35,10.84,--,74,80216,卖盘
166,14:46:32,10.84,-0.01,227,246328,卖盘
167,14:46:29,10.85,0.01,8,8680,买盘
168,14:46:26,10.84,-0.01,34,36856,卖盘
169,14:46:23,10.85,--,438,475230,买盘
170,14:46:17,10.85,0.01,24,26040,买盘
171,14:46:11,10.84,--,9,9756,卖盘
172,14:46:08,10.84,--,5,5420,卖盘
173,14:46:05,10.84,-0.01,10,10840,卖盘
174,14:46:02,10.85,--,20,21700,买盘
175,14:45:59,10.85,0.01,2,2170,卖盘
176,14:45:56,10.84,--,7,7588,卖盘
177,14:45:53,10.84,--,30,33040,卖盘
178,14:45:50,10.84,--,401,434684,卖盘
179,14:45:44,10.84,-0.02,1377,1492754,卖盘
180,14:45:38,10.86,0.02,0,1042,中性盘
181,14:45:35,10.84,--,40,43360,卖盘
182,14:45:32,10.84,-0.02,626,678930,卖盘
183,14:45:29,10.86,--,91,99781,买盘
184,14:45:26,10.86,--,613,665718,买盘
185,14:45:20,10.86,--,389,422454,买盘
186,14:45:11,10.86,--,52,56472,买盘
187,14:45:05,10.86,0.01,21,22806,买盘
188,14:45:02,10.85,-0.01,86,93874,卖盘
189,14:44:59,10.86,0.01,36,39096,买盘
190,14:44:53,10.85,--,87,94872,买盘
191,14:44:35,10.85,--,4,4340,买盘
192,14:44:32,10.85,-0.01,316,343077,卖盘
193,14:44:29,10.86,--,173,188008,卖盘
194,14:44:26,10.86,--,296,321890,卖盘
195,14:44:20,10.86,--,20,21720,卖盘
196,14:44:17,10.86,--,16,17376,卖盘
197,14:44:14,10.86,--,0,1042,卖盘
198,14:44:11,10.86,--,18,19548,卖盘
199,14:44:08,10.86,0.01,174,189572,买盘
200,14:44:05,10.85,-0.01,6,6510,卖盘
201,14:44:02,10.86,--,300,326842,买盘
202,14:43:59,10.86,--,70,76020,买盘
203,14:43:53,10.86,--,13,14161,买盘
204,14:43:47,10.86,0.01,20,21720,中性盘
205,14:43:38,10.85,--,4,5381,卖盘
206,14:43:35,10.85,-0.01,513,556648,卖盘
207,14:43:32,10.86,--,36,39269,卖盘
208,14:43:29,10.86,--,67,73413,卖盘
209,14:43:23,10.86,0.01,36,39096,买盘
210,14:43:20,10.85,0.01,5,5425,中性盘
211,14:43:17,10.84,--,1,1084,卖盘
212,14:43:14,10.84,-0.03,2,2168,卖盘
213,14:43:08,10.87,0.01,27,29348,买盘
214,14:43:05,10.86,0.02,5,5430,买盘
215,14:43:02,10.84,--,62,67771,卖盘
216,14:42:59,10.84,--,122,132248,卖盘
217,14:42:53,10.84,0.01,905,981236,买盘
218,14:42:50,10.83,-0.01,5,5415,卖盘
219,14:42:47,10.84,--,19,20596,买盘
220,14:42:44,10.84,--,3,3252,买盘
221,14:42:32,10.84,--,572,620568,卖盘
222,14:42:29,10.84,-0.01,34,36856,卖盘
223,14:42:26,10.85,--,28,30380,买盘
224,14:42:20,10.85,--,13,14105,买盘
225,14:42:14,10.85,-0.02,15,16275,中性盘
226,14:42:08,10.87,0.02,154,167963,买盘
227,14:41:59,10.85,-0.02,10,10850,中性盘
228,14:41:41,10.87,--,47,52002,卖盘
229,14:41:37,10.87,-0.01,309,335883,卖盘
230,14:41:34,10.88,0.01,20,21760,买盘
231,14:41:31,10.87,--,3803,4134165,卖盘
232,14:41:25,10.87,--,62,68437,卖盘
233,14:41:22,10.87,--,1,1130,卖盘
234,14:41:19,10.87,0.05,6842,7438210,买盘
235,14:41:16,10.82,-0.01,40,43280,卖盘
236,14:41:13,10.83,-0.01,1177,1275427,卖盘
237,14:41:04,10.84,-0.01,86,93787,卖盘
238,14:41:01,10.85,--,20,21700,买盘
239,14:40:58,10.85,--,37,40145,买盘
240,14:40:55,10.85,0.01,45,48825,买盘
241,14:40:52,10.84,-0.01,36,39024,卖盘
242,14:40:49,10.85,--,104,112926,卖盘
243,14:40:46,10.85,--,514,557690,卖盘
244,14:40:43,10.85,--,19,20875,卖盘
245,14:40:40,10.85,-0.01,2018,2189530,卖盘
246,14:40:37,10.86,0.01,10,10860,买盘
247,14:40:34,10.85,-0.01,206,224551,卖盘
248,14:40:31,10.86,0.01,471,512027,买盘
249,14:40:28,10.85,-0.01,845,916825,卖盘
250,14:40:19,10.86,0.01,1,1086,买盘
251,14:40:16,10.85,-0.01,81,87885,卖盘
252,14:40:13,10.86,--,17,18462,买盘
253,14:40:10,10.86,0.01,60,65724,买盘
254,14:40:07,10.85,--,160,173600,卖盘
255,14:40:04,10.85,-0.01,155,168956,卖盘
256,14:40:01,10.86,0.01,5,5430,买盘
257,14:39:55,10.85,-0.01,238,258230,卖盘
258,14:39:52,10.86,0.01,8,8688,买盘
259,14:39:49,10.85,--,268,290780,卖盘
260,14:39:46,10.85,--,228,247380,买盘
261,14:39:40,10.85,0.01,27,29295,买盘
262,14:39:37,10.84,-0.01,3,3252,卖盘
263,14:39:31,10.85,0.01,282,306360,买盘
264,14:39:28,10.84,-0.01,34,36856,卖盘
265,14:39:25,10.85,0.01,4,4340,买盘
266,14:39:22,10.84,-0.01,2,2168,卖盘
267,14:39:19,10.85,0.01,6,6510,买盘
268,14:39:16,10.84,-0.01,20,21680,卖盘
269,14:39:13,10.85,0.01,5,5425,买盘
270,14:39:10,10.84,-0.01,99,107879,卖盘
271,14:39:07,10.85,0.01,62,67270,买盘
272,14:39:04,10.84,-0.01,10,10840,卖盘
273,14:38:58,10.85,0.01,82,88970,买盘
274,14:38:52,10.84,-0.01,4,4336,卖盘
275,14:38:43,10.85,--,27,29295,买盘
276,14:38:37,10.85,--,140,151900,买盘
277,14:38:34,10.85,0.01,2,2170,买盘
278,14:38:31,10.84,--,253,274772,卖盘
279,14:38:28,10.84,-0.01,119,129863,卖盘
280,14:38:25,10.85,--,15,16275,买盘
281,14:38:22,10.85,-0.01,20,21700,中性盘
282,14:38:16,10.86,0.01,133,145350,买盘
283,14:38:13,10.85,--,12,13020,买盘
284,14:38:10,10.85,-0.01,31,34372,卖盘
285,14:38:07,10.86,--,4,4344,买盘
286,14:38:04,10.86,0.01,102,110772,买盘
287,14:38:01,10.85,--,10,10850,卖盘
288,14:37:58,10.85,--,34,36890,卖盘
289,14:37:49,10.85,-0.01,100,108500,卖盘
290,14:37:46,10.86,--,1,1086,买盘
291,14:37:43,10.86,--,17,18462,买盘
292,14:37:40,10.86,--,21,22806,卖盘
293,14:37:34,10.86,-0.01,6,6516,卖盘
294,14:37:31,10.87,0.02,71,77568,买盘
295,14:37:28,10.85,--,515,559209,卖盘
296,14:37:22,10.85,-0.01,60,65100,卖盘
297,14:37:19,10.86,--,10,10860,卖盘
298,14:37:16,10.86,--,262,284532,买盘
299,14:37:13,10.86,--,58,63596,买盘
300,14:37:07,10.86,0.01,2,2172,买盘
301,14:36:58,10.85,0.01,138,150771,买盘
302,14:36:55,10.84,-0.02,23,25278,卖盘
303,14:36:49,10.86,0.01,28,30408,买盘
304,14:36:46,10.85,0.01,10,10850,买盘
305,14:36:43,10.84,--,141,153407,买盘
306,14:36:40,10.84,--,15,16260,买盘
307,14:36:34,10.84,--,3,3252,买盘
308,14:36:31,10.84,-0.01,812,880728,卖盘
309,14:36:28,10.85,-0.01,71,77035,卖盘
310,14:36:22,10.86,0.01,10,10860,买盘
311,14:36:19,10.85,--,80,86800,卖盘
312,14:36:16,10.85,--,92,100384,卖盘
313,14:36:13,10.85,--,703,762755,卖盘
314,14:36:10,10.85,-0.01,2,2170,卖盘
315,14:36:04,10.86,0.01,3,3258,买盘
316,14:36:01,10.85,0.02,1,1085,卖盘
317,14:35:58,10.83,-0.01,34,36822,卖盘
318,14:35:55,10.84,-0.02,1,1084,中性盘
319,14:35:49,10.86,0.01,139,150954,买盘
320,14:35:43,10.85,--,27,29295,买盘
321,14:35:40,10.85,--,3,3255,买盘
322,14:35:34,10.85,0.03,21,22785,买盘
323,14:35:31,10.82,-0.01,1936,2094881,卖盘
324,14:35:28,10.83,-0.03,34,36822,中性盘
325,14:35:22,10.86,0.04,2003,2175258,买盘
326,14:35:16,10.82,--,518,560476,卖盘
327,14:35:13,10.82,-0.01,24,25968,卖盘
328,14:35:10,10.83,0.01,320,346560,买盘
329,14:35:07,10.82,--,11,11902,卖盘
330,14:35:04,10.82,-0.01,59,63838,卖盘
331,14:35:01,10.83,0.01,650,703950,买盘
332,14:34:58,10.82,--,131,141742,卖盘
333,14:34:55,10.82,-0.01,31,33542,卖盘
334,14:34:52,10.83,--,17,18411,买盘
335,14:34:46,10.83,0.01,11,11913,买盘
336,14:34:40,10.82,-0.01,182,196924,卖盘
337,14:34:34,10.83,0.01,104,112632,买盘
338,14:34:31,10.82,-0.03,2267,2453499,卖盘
339,14:34:28,10.85,--,51,55378,卖盘
340,14:34:25,10.85,--,74,80290,卖盘
341,14:34:22,10.85,-0.01,150,162750,卖盘
342,14:34:19,10.86,--,34,37966,买盘
343,14:34:16,10.86,--,8908,9674088,卖盘
344,14:34:13,10.86,-0.01,42,45612,卖盘
345,14:34:04,10.87,0.01,25,27218,买盘
346,14:34:01,10.86,--,26,29278,卖盘
347,14:33:58,10.86,--,84,91224,卖盘
348,14:33:55,10.86,--,70,76020,卖盘
349,14:33:52,10.86,-0.01,46,49956,卖盘
350,14:33:49,10.87,--,86,93482,买盘
351,14:33:46,10.87,0.01,11,12000,买盘
352,14:33:40,10.86,--,30,32580,卖盘
353,14:33:37,10.86,--,170,185662,卖盘
354,14:33:34,10.86,-0.01,68,73848,卖盘
355,14:33:31,10.87,0.02,1491,1620934,买盘
356,14:33:28,10.85,--,192,208406,卖盘
357,14:33:25,10.85,--,4,4340,卖盘
358,14:33:22,10.85,--,305,331489,卖盘
359,14:33:19,10.85,-0.01,278,301630,卖盘
360,14:33:13,10.86,0.01,102,110772,买盘
361,14:33:10,10.85,--,100,108500,卖盘
362,14:33:07,10.85,-0.01,30,33591,卖盘
363,14:33:04,10.86,--,1,1129,买盘
364,14:33:01,10.86,0.01,42,45612,买盘
365,14:32:55,10.85,--,282,307011,卖盘
366,14:32:52,10.85,--,31,33678,卖盘
367,14:32:49,10.85,-0.01,4,5381,卖盘
368,14:32:46,10.86,0.01,15,16333,买盘
369,14:32:43,10.85,-0.01,2,3211,卖盘
370,14:32:40,10.86,0.01,328,356208,买盘
371,14:32:37,10.85,-0.01,210,227850,卖盘
372,14:32:34,10.86,0.01,86,93396,买盘
373,14:32:31,10.85,--,79,86149,卖盘
374,14:32:28,10.85,--,1118,1214028,卖盘
375,14:32:25,10.85,--,10,10850,卖盘
376,14:32:22,10.85,--,57,62409,卖盘
377,14:32:19,10.85,--,1,1085,卖盘
378,14:32:16,10.85,--,3,3255,卖盘
379,14:32:13,10.85,-0.01,3,3255,卖盘
380,14:32:10,10.86,0.01,12,13032,买盘
381,14:32:07,10.85,-0.01,6,6510,卖盘
382,14:32:04,10.86,0.01,29,31494,买盘
383,14:32:01,10.85,--,4,4340,卖盘
384,14:31:58,10.85,--,44,47740,卖盘
385,14:31:55,10.85,-0.01,2012,2183020,卖盘
386,14:31:52,10.86,0.01,248,269328,买盘
387,14:31:46,10.85,-0.01,5,5425,卖盘
388,14:31:43,10.86,0.01,86,93396,买盘
389,14:31:40,10.85,-0.01,48,52080,卖盘
390,14:31:37,10.86,--,206,223716,买盘
391,14:31:31,10.86,0.01,5,5430,买盘
392,14:31:28,10.85,-0.03,996,1080660,卖盘
393,14:31:25,10.88,--,78,85473,买盘
394,14:31:22,10.88,0.01,18,20628,买盘
395,14:31:19,10.87,0.01,150,163050,中性盘
396,14:31:16,10.86,-0.02,3,3301,卖盘
397,14:31:13,10.88,0.02,22,24414,买盘
398,14:31:07,10.86,0.01,32,35316,中性盘
399,14:31:04,10.85,--,26,28210,卖盘
400,14:31:01,10.85,-0.01,59,64058,卖盘
401,14:30:58,10.86,-0.03,42,45612,卖盘
402,14:30:55,10.89,0.03,714,778591,买盘
403,14:30:52,10.86,0.01,594,645084,买盘
404,14:30:49,10.85,--,20,21700,卖盘
405,14:30:46,10.85,--,133,144348,卖盘
406,14:30:43,10.85,0.02,1044,1133043,买盘
407,14:30:40,10.83,0.01,120,129960,买盘
408,14:30:37,10.82,-0.01,57,61674,卖盘
409,14:30:31,10.83,--,25,27075,买盘
410,14:30:28,10.83,-0.01,160,173280,卖盘
411,14:30:22,10.84,-0.01,45,48780,卖盘
412,14:30:19,10.85,--,92,99820,买盘
413,14:30:16,10.85,-0.01,7,7595,中性盘
414,14:30:13,10.86,0.01,56,60816,买盘
415,14:30:10,10.85,--,53,57505,卖盘
416,14:30:07,10.85,-0.01,4,4340,卖盘
417,14:30:04,10.86,--,12,13032,买盘
418,14:29:58,10.86,--,131,142743,卖盘
419,14:29:55,10.86,--,1,1086,卖盘
420,14:29:52,10.86,--,586,636396,卖盘
421,14:29:49,10.86,--,16,17376,卖盘
422,14:29:46,10.86,--,22,23892,卖盘
423,14:29:43,10.86,-0.01,3,3258,卖盘
424,14:29:40,10.87,0.01,30,32609,买盘
425,14:29:37,10.86,-0.01,71,77106,卖盘
426,14:29:34,10.87,--,37,40219,买盘
427,14:29:31,10.87,-0.01,1694,1841377,卖盘
428,14:29:25,10.88,--,41,44608,卖盘
429,14:29:22,10.88,-0.01,315,342720,卖盘
430,14:29:19,10.89,0.01,15,16335,买盘
431,14:29:16,10.88,--,113,122944,卖盘
432,14:29:13,10.88,--,14,15232,卖盘
433,14:29:10,10.88,--,81,88128,卖盘
434,14:29:07,10.88,--,33,35904,卖盘
435,14:29:04,10.88,--,182,198016,卖盘
436,14:29:01,10.88,--,6,6528,卖盘
437,14:28:58,10.88,--,156,169728,卖盘
438,14:28:55,10.88,-0.01,9,9792,卖盘
439,14:28:52,10.89,0.02,141,153549,买盘
440,14:28:49,10.87,-0.01,4,4348,卖盘
441,14:28:46,10.88,0.01,39,42432,买盘
442,14:28:40,10.87,--,65,70655,卖盘
443,14:28:37,10.87,0.01,104,113047,买盘
444,14:28:34,10.86,-0.04,3441,3737490,卖盘
445,14:28:28,10.9,0.04,2638,2875943,买盘
446,14:28:25,10.86,-0.01,14,15204,卖盘
447,14:28:22,10.87,-0.01,154,167398,卖盘
448,14:28:10,10.88,-0.01,22,23936,中性盘
449,14:28:07,10.89,--,88,95832,买盘
450,14:28:04,10.89,0.02,2,2178,买盘
451,14:28:01,10.87,-0.02,55,59784,卖盘
452,14:27:58,10.89,0.01,97,105633,买盘
453,14:27:55,10.88,-0.01,20,21760,卖盘
454,14:27:52,10.89,--,148,161172,买盘
455,14:27:49,10.89,0.03,7,7623,买盘
456,14:27:46,10.86,-0.02,121,131406,卖盘
457,14:27:43,10.88,--,23,25024,买盘
458,14:27:40,10.88,0.02,385,418880,买盘
459,14:27:37,10.86,--,30,32580,卖盘
460,14:27:34,10.86,--,6,6516,卖盘
461,14:27:31,10.86,-0.04,3839,4169371,卖盘
462,14:27:28,10.9,--,450,490500,卖盘
463,14:27:25,10.9,0.05,5038,5491420,买盘
464,14:27:22,10.85,--,41,44485,卖盘
465,14:27:19,10.85,-0.01,30,32550,卖盘
466,14:27:16,10.86,0.01,190,207165,买盘
467,14:27:13,10.85,--,37,40188,卖盘
468,14:27:10,10.85,--,394,428531,卖盘
469,14:27:04,10.85,--,6119,6639158,卖盘
470,14:27:01,10.85,-0.01,544,590240,卖盘
471,14:26:58,10.86,0.01,130,142222,买盘
472,14:26:55,10.85,-0.01,53,57548,卖盘
473,14:26:52,10.86,--,166,180276,买盘
474,14:26:49,10.86,0.01,314,341004,买盘
475,14:26:46,10.85,--,136,147560,卖盘
476,14:26:43,10.85,--,12,14061,卖盘
477,14:26:40,10.85,--,806,874510,卖盘
478,14:26:37,10.85,-0.01,21,22828,卖盘
479,14:26:34,10.86,0.01,191,207947,买盘
480,14:26:31,10.85,--,132,143220,卖盘
481,14:26:28,10.85,--,3338,3622728,卖盘
482,14:26:25,10.85,--,48,52080,卖盘
483,14:26:22,10.85,--,612,664020,卖盘
484,14:26:16,10.85,-0.01,629,682465,卖盘
485,14:26:13,10.86,0.01,10,10860,买盘
486,14:26:10,10.85,-0.01,1102,1195670,卖盘
487,14:26:04,10.86,0.01,381,414634,买盘
488,14:26:01,10.85,--,193,209405,卖盘
489,14:25:55,10.85,--,567,615195,卖盘
490,14:25:52,10.85,--,1594,1729576,卖盘
491,14:25:49,10.85,--,49,53165,卖盘
492,14:25:46,10.85,-0.01,143,155155,卖盘
493,14:25:43,10.86,0.01,151,163986,买盘
494,14:25:40,10.85,--,165,179025,卖盘
495,14:25:37,10.85,0.06,1919,2082418,买盘
496,14:25:34,10.79,-0.01,1056,1139985,卖盘
497,14:25:31,10.8,--,43,46440,买盘
498,14:25:28,10.8,-0.02,1990,2150020,卖盘
499,14:25:25,10.82,0.01,100,108200,买盘
500,14:25:22,10.81,--,55,59455,卖盘
501,14:25:19,10.81,--,131,141611,卖盘
502,14:25:16,10.81,--,6009,6495988,买盘
503,14:25:13,10.81,0.01,22,23782,买盘
504,14:25:10,10.8,--,349,376920,卖盘
505,14:25:07,10.8,--,1,1080,卖盘
506,14:24:58,10.8,-0.01,34,36720,卖盘
507,14:24:55,10.81,--,2,2162,买盘
508,14:24:52,10.81,0.02,62,67022,买盘
509,14:24:46,10.79,-0.02,3,3841,卖盘
510,14:24:43,10.81,0.02,100,108100,买盘
511,14:24:37,10.79,-0.02,61,66380,卖盘
512,14:24:34,10.81,--,55,59455,买盘
513,14:24:31,10.81,--,629,680165,买盘
514,14:24:25,10.81,--,2,2162,买盘
515,14:24:22,10.81,--,4,4324,卖盘
516,14:24:19,10.81,--,180,194580,卖盘
517,14:24:13,10.81,--,136,147016,买盘
518,14:24:07,10.81,0.01,5,5405,买盘
519,14:24:04,10.8,--,5,5400,买盘
520,14:23:58,10.8,0.01,5,5400,中性盘
521,14:23:52,10.79,-0.02,20,21580,卖盘
522,14:23:49,10.81,--,42,45402,买盘
523,14:23:46,10.81,0.02,179,193499,买盘
524,14:23:37,10.79,-0.01,56,60985,卖盘
525,14:23:34,10.8,0.04,131,142300,买盘
526,14:23:31,10.76,--,399,429324,买盘
527,14:23:28,10.76,-0.01,680,732196,卖盘
528,14:23:25,10.77,-0.02,13,14561,中性盘
529,14:23:13,10.79,-0.03,1,1079,中性盘
530,14:23:07,10.82,0.05,3041,3290362,买盘
531,14:23:04,10.77,0.01,50,53850,买盘
532,14:23:01,10.76,--,1,1076,卖盘
533,14:22:58,10.76,-0.01,4,4304,中性盘
534,14:22:52,10.77,0.01,30,32310,买盘
535,14:22:49,10.76,--,4,4304,买盘
536,14:22:46,10.76,--,31,33356,买盘
537,14:22:43,10.76,0.01,59,64043,买盘
538,14:22:40,10.75,-0.01,219,235425,卖盘
539,14:22:37,10.76,--,18,19368,买盘
540,14:22:34,10.76,--,1,1076,买盘
541,14:22:31,10.76,--,310,333603,买盘
542,14:22:25,10.76,0.01,160,172160,买盘
543,14:22:22,10.75,--,60,64500,卖盘
544,14:22:19,10.75,-0.01,2,2150,卖盘
545,14:22:13,10.76,0.01,2,2152,买盘
546,14:22:04,10.75,--,44,47300,买盘
547,14:22:01,10.75,--,29,31175,买盘
548,14:21:58,10.75,--,20,21500,买盘
549,14:21:55,10.75,--,128,137600,买盘
550,14:21:52,10.75,--,4,4300,买盘
551,14:21:49,10.75,--,100,107500,买盘
552,14:21:46,10.75,--,62,67166,卖盘
553,14:21:39,10.75,--,56,60974,买盘
554,14:21:36,10.75,0.01,8,8600,买盘
555,14:21:33,10.74,0.01,7,8119,买盘
556,14:21:30,10.73,--,554,594742,卖盘
557,14:21:15,10.73,--,30,32190,卖盘
558,14:21:12,10.73,0.01,148,159576,买盘
559,14:21:09,10.72,-0.03,6,6432,卖盘
560,14:21:06,10.75,0.03,14,15050,买盘
561,14:21:00,10.72,-0.01,181,194032,卖盘
562,14:20:48,10.73,--,20,21460,卖盘
563,14:20:45,10.73,0.01,310,333059,买盘
564,14:20:42,10.72,-0.01,410,440463,卖盘
565,14:20:39,10.73,--,10,10730,买盘
566,14:20:36,10.73,--,20,21460,买盘
567,14:20:33,10.73,--,28,30044,买盘
568,14:20:27,10.73,--,634,680282,买盘
569,14:20:24,10.73,--,10,10730,买盘
570,14:20:21,10.73,--,20,21460,买盘
571,14:20:18,10.73,--,74,79402,买盘
572,14:20:15,10.73,-0.02,380,407997,卖盘
573,14:20:12,10.75,--,21,22575,买盘
574,14:20:06,10.75,0.01,67,72025,买盘
575,14:20:00,10.74,--,40,43518,买盘
576,14:19:57,10.74,--,7,7518,买盘
577,14:19:54,10.74,--,3,3222,买盘
578,14:19:51,10.74,--,7,7518,买盘
579,14:19:48,10.74,--,5,5370,买盘
580,14:19:45,10.74,-0.01,5,5370,中性盘
581,14:19:42,10.75,--,943,1013725,买盘
582,14:19:36,10.75,--,4,4300,买盘
583,14:19:33,10.75,--,3,3225,买盘
584,14:19:30,10.75,0.01,30,32250,买盘
585,14:19:27,10.74,-0.01,279,299946,卖盘
586,14:19:18,10.75,0.01,30,32250,买盘
587,14:19:15,10.74,-0.01,110,118140,卖盘
588,14:19:12,10.75,--,72,77400,买盘
589,14:19:09,10.75,--,12,12900,买盘
590,14:19:06,10.75,--,31,33325,买盘
591,14:18:57,10.75,0.01,4,4300,买盘
592,14:18:54,10.74,-0.01,131,141467,卖盘
593,14:18:51,10.75,--,107,115025,买盘
594,14:18:48,10.75,--,81,87376,卖盘
595,14:18:45,10.75,-0.01,56,60802,卖盘
596,14:18:39,10.76,0.01,58,62580,买盘
597,14:18:33,10.75,--,9,9675,买盘
598,14:18:30,10.75,0.01,233,251464,买盘
599,14:18:12,10.74,-0.01,5,5370,卖盘
600,14:18:09,10.75,--,4,4300,买盘
601,14:18:06,10.75,0.01,24,25800,买盘
602,14:18:03,10.74,-0.01,4,4296,卖盘
603,14:18:00,10.75,0.01,2,2150,买盘
604,14:17:51,10.74,-0.01,56,60702,中性盘
605,14:17:39,10.75,0.01,117,125775,买盘
606,14:17:36,10.74,--,5,5370,买盘
607,14:17:33,10.74,--,2,2148,买盘
608,14:17:30,10.74,-0.01,10,10740,买盘
609,14:17:27,10.75,--,281,302118,买盘
610,14:17:21,10.75,--,35,37625,买盘
611,14:17:18,10.75,--,20,21500,买盘
612,14:17:15,10.75,0.01,6,6450,买盘
613,14:17:12,10.74,-0.01,126,135324,卖盘
614,14:17:09,10.75,--,20,21500,买盘
615,14:17:03,10.75,0.01,5,5375,买盘
616,14:16:57,10.74,--,4,4854,买盘
617,14:16:54,10.74,--,1,1074,买盘
618,14:16:51,10.74,--,51,54774,卖盘
619,14:16:42,10.74,-0.01,34,36516,卖盘
620,14:16:33,10.75,0.02,294,316050,买盘
621,14:16:27,10.73,--,60,65238,卖盘
622,14:16:24,10.73,-0.01,124,133137,卖盘
623,14:16:21,10.74,-0.01,132,141768,中性盘
624,14:16:09,10.75,0.02,44,47300,买盘
625,14:16:06,10.73,--,7,7511,卖盘
626,14:16:03,10.73,-0.01,33,35409,卖盘
627,14:15:57,10.74,--,20,21480,买盘
628,14:15:54,10.74,-0.01,1,1074,卖盘
629,14:15:48,10.75,--,10,10750,买盘
630,14:15:42,10.75,--,35,37625,买盘
631,14:15:39,10.75,--,9,9847,买盘
632,14:15:27,10.75,0.02,10,10750,买盘
633,14:15:24,10.73,-0.01,313,336578,卖盘
634,14:15:21,10.74,--,11,12372,买盘
635,14:15:18,10.74,-0.01,32,34883,卖盘
636,14:15:12,10.75,0.01,2,2150,买盘
637,14:15:09,10.74,-0.01,10,10740,卖盘
638,14:15:06,10.75,0.01,4,4300,买盘
639,14:15:03,10.74,--,20,21480,卖盘
640,14:14:57,10.74,--,20,21480,卖盘
641,14:14:54,10.74,--,83,89700,卖盘
642,14:14:51,10.74,--,52,55848,卖盘
643,14:14:39,10.74,--,10,10740,卖盘
644,14:14:36,10.74,0.01,10,10740,卖盘
645,14:14:33,10.73,-0.02,121,129833,卖盘
646,14:14:30,10.75,0.01,638,686366,买盘
647,14:14:24,10.74,0.01,40,42960,买盘
648,14:14:18,10.73,--,20,21460,卖盘
649,14:14:12,10.73,--,51,54723,卖盘
650,14:14:06,10.73,-0.01,20,21460,卖盘
651,14:14:03,10.74,0.01,6,6444,买盘
652,14:14:00,10.73,0.01,56,60645,买盘
653,14:13:57,10.72,--,60,64320,卖盘
654,14:13:51,10.72,-0.01,24,25728,卖盘
655,14:13:48,10.73,0.01,60,65238,买盘
656,14:13:39,10.72,-0.01,16,17152,卖盘
657,14:13:36,10.73,--,23,24721,买盘
658,14:13:33,10.73,--,74,80432,买盘
659,14:13:30,10.73,0.01,1,1115,买盘
660,14:13:27,10.72,--,640,686894,卖盘
661,14:13:24,10.72,-0.01,16,17152,卖盘
662,14:13:21,10.73,--,11,11803,买盘
663,14:13:18,10.73,0.01,49,52577,买盘
664,14:13:15,10.72,-0.01,98,105056,卖盘
665,14:13:09,10.73,0.01,61,65453,买盘
666,14:13:06,10.72,-0.01,16,17152,卖盘
667,14:13:03,10.73,--,10,10730,买盘
668,14:13:00,10.73,--,59,63864,买盘
669,14:12:54,10.73,0.01,50,53650,买盘
670,14:12:48,10.72,--,20,21440,卖盘
671,14:12:45,10.72,-0.01,8,8576,卖盘
672,14:12:42,10.73,0.01,1,1073,买盘
673,14:12:39,10.72,-0.01,220,235840,卖盘
674,14:12:33,10.73,0.01,97,104081,买盘
675,14:12:30,10.72,--,25,26800,卖盘
676,14:12:27,10.72,0.01,969,1039025,买盘
677,14:12:24,10.71,-0.01,10,10710,卖盘
678,14:12:21,10.72,-0.01,21,22512,买盘
679,14:12:18,10.73,0.01,10,10730,买盘
680,14:12:15,10.72,0.01,2,2144,买盘
681,14:12:12,10.71,--,663,710073,卖盘
682,14:12:09,10.71,-0.02,37,39627,卖盘
683,14:12:06,10.73,0.01,141,151722,买盘
684,14:12:03,10.72,--,76,81986,卖盘
685,14:11:57,10.72,-0.01,20,21440,卖盘
686,14:11:54,10.73,0.01,50,53650,买盘
687,14:11:51,10.72,--,10,10720,卖盘
688,14:11:48,10.72,--,62,66464,卖盘
689,14:11:45,10.72,-0.01,9,9648,卖盘
690,14:11:42,10.73,0.01,31,33263,买盘
691,14:11:39,10.72,--,31,33232,卖盘
692,14:11:36,10.72,-0.01,116,124352,卖盘
693,14:11:33,10.73,0.01,362,388426,买盘
694,14:11:30,10.72,--,60,64320,卖盘
695,14:11:27,10.72,--,312,334892,卖盘
696,14:11:24,10.72,-0.01,479,513916,卖盘
697,14:11:21,10.73,-0.01,404,434264,卖盘
698,14:11:18,10.74,0.01,9,9666,买盘
699,14:11:12,10.73,-0.01,6,6438,卖盘
700,14:11:09,10.74,--,35,37590,买盘
701,14:11:06,10.74,0.01,1,1074,卖盘
702,14:11:03,10.73,--,56,60645,卖盘
703,14:10:57,10.73,--,50,53650,卖盘
704,14:10:54,10.73,--,20,21460,卖盘
705,14:10:48,10.73,-0.01,763,818699,卖盘
706,14:10:39,10.74,--,38,40812,卖盘
707,14:10:36,10.74,-0.01,125,134250,卖盘
708,14:10:33,10.75,0.01,40,43000,中性盘
709,14:10:30,10.74,-0.01,517,555258,卖盘
710,14:10:27,10.75,-0.01,500,537500,卖盘
711,14:10:24,10.76,--,45,48420,买盘
712,14:10:18,10.76,--,543,584268,买盘
713,14:10:15,10.76,-0.01,81,87156,卖盘
714,14:10:09,10.77,--,76,81852,买盘
715,14:10:06,10.77,0.01,106,114678,买盘
716,14:10:00,10.76,--,29,31247,卖盘
717,14:09:57,10.76,--,32,34432,卖盘
718,14:09:54,10.76,-0.01,30,32280,卖盘
719,14:09:51,10.77,--,54,59191,买盘
720,14:09:45,10.77,--,22,23694,买盘
721,14:09:39,10.77,0.01,3,3274,买盘
722,14:09:36,10.76,-0.02,16,18248,卖盘
723,14:09:27,10.78,0.02,20,21560,买盘
724,14:09:21,10.76,-0.01,10,10760,卖盘
725,14:09:12,10.77,0.02,4,4308,中性盘
726,14:09:09,10.75,-0.01,10,10750,卖盘
727,14:09:06,10.76,-0.01,126,136178,卖盘
728,14:09:03,10.77,0.01,6,7495,买盘
729,14:09:00,10.76,--,132,142462,卖盘
730,14:08:54,10.76,-0.01,10,10760,卖盘
731,14:08:51,10.77,--,1,1077,买盘
732,14:08:42,10.77,0.01,1,1077,买盘
733,14:08:39,10.76,--,10,10760,卖盘
734,14:08:21,10.76,0.01,10,10760,中性盘
735,14:08:12,10.75,-0.02,105,112875,卖盘
736,14:08:09,10.77,0.02,401,431877,买盘
737,14:08:06,10.75,-0.01,67,72584,卖盘
738,14:08:00,10.76,--,166,178616,买盘
739,14:07:57,10.76,0.01,30,32280,买盘
740,14:07:54,10.75,--,60,64500,卖盘
741,14:07:51,10.75,-0.01,100,107500,卖盘
742,14:07:48,10.76,--,40,43040,买盘
743,14:07:45,10.76,0.01,2,2152,买盘
744,14:07:42,10.75,-0.01,10,10750,卖盘
745,14:07:36,10.76,--,53,57028,买盘
746,14:07:33,10.76,0.01,1,1076,买盘
747,14:07:30,10.75,--,22,24209,买盘
748,14:07:27,10.75,0.01,13,13975,买盘
749,14:07:24,10.74,-0.01,32,34368,卖盘
750,14:07:18,10.75,--,26,27950,买盘
751,14:07:15,10.75,--,312,335400,买盘
752,14:07:09,10.75,--,135,145125,卖盘
753,14:07:06,10.75,--,60,64500,卖盘
754,14:07:00,10.75,--,45,48375,买盘
755,14:06:57,10.75,--,10,10750,买盘
756,14:06:54,10.75,0.01,52,55900,买盘
757,14:06:51,10.74,--,2,2148,卖盘
758,14:06:48,10.74,-0.01,8,8592,卖盘
759,14:06:45,10.75,--,40,43000,买盘
760,14:06:42,10.75,0.01,20,21500,买盘
761,14:06:39,10.74,-0.01,20,21480,卖盘
762,14:06:30,10.75,--,10,10750,买盘
763,14:06:27,10.75,0.01,50,53750,买盘
764,14:06:24,10.74,-0.01,90,96660,卖盘
765,14:06:21,10.75,--,32,34400,买盘
766,14:06:15,10.75,--,17,18275,买盘
767,14:06:06,10.75,--,277,297775,卖盘
768,14:06:03,10.75,--,110,118250,卖盘
769,14:05:51,10.75,-0.01,41,44075,卖盘
770,14:05:48,10.76,0.01,10,10760,买盘
771,14:05:45,10.75,--,600,645000,卖盘
772,14:05:39,10.75,-0.01,10,10750,卖盘
773,14:05:36,10.76,--,11,11836,买盘
774,14:05:27,10.76,0.01,3,3228,买盘
775,14:05:24,10.75,--,30,32250,卖盘
776,14:05:21,10.75,--,1,1075,卖盘
777,14:05:18,10.75,-0.01,61,65575,卖盘
778,14:05:12,10.76,--,4,4304,买盘
779,14:05:09,10.76,--,46,49496,买盘
780,14:05:00,10.76,-0.01,299,321724,卖盘
781,14:04:57,10.77,--,40,43080,卖盘
782,14:04:54,10.77,--,10,10770,卖盘
783,14:04:51,10.77,--,30,32310,卖盘
784,14:04:45,10.77,--,61,65697,卖盘
785,14:04:42,10.77,--,69,74313,买盘
786,14:04:39,10.77,0.01,20,21540,买盘
787,14:04:36,10.76,--,61,65636,卖盘
788,14:04:30,10.76,-0.01,100,107600,卖盘
789,14:04:24,10.77,0.01,60,64620,买盘
790,14:04:18,10.76,--,7,7532,卖盘
791,14:04:15,10.76,-0.01,21,22596,卖盘
792,14:04:12,10.77,0.01,74,79698,买盘
793,14:04:09,10.76,-0.01,108,116208,卖盘
794,14:04:03,10.77,--,32,34464,买盘
795,14:03:57,10.77,0.01,5,5385,买盘
796,14:03:54,10.76,-0.01,20,21520,卖盘
797,14:03:42,10.77,0.01,1,1077,买盘
798,14:03:36,10.76,-0.01,10,10760,卖盘
799,14:03:33,10.77,0.01,10,10770,买盘
800,14:03:30,10.76,--,1,1076,卖盘
801,14:03:27,10.76,--,2,2152,卖盘
802,14:03:24,10.76,--,10,10760,卖盘
803,14:03:18,10.76,-0.01,12,12912,卖盘
804,14:03:15,10.77,--,1,1077,买盘
805,14:03:12,10.77,0.02,32,34464,买盘
806,14:03:09,10.75,-0.01,10,10750,卖盘
807,14:03:06,10.76,--,20,21520,买盘
808,14:03:03,10.76,--,3,3228,买盘
809,14:03:00,10.76,--,36,38736,买盘
810,14:02:57,10.76,--,1,1076,买盘
811,14:02:54,10.76,--,21,22596,买盘
812,14:02:51,10.76,0.01,20,21520,买盘
813,14:02:48,10.75,--,2,2150,卖盘
814,14:02:36,10.75,-0.01,20,21500,卖盘
815,14:02:30,10.76,0.02,236,253936,买盘
816,14:02:23,10.74,-0.01,10,10740,卖盘
817,14:02:20,10.75,--,76,81700,买盘
818,14:02:17,10.75,0.01,22,23650,买盘
819,14:02:14,10.74,--,30,32220,卖盘
820,14:02:08,10.74,--,36,38664,卖盘
821,14:02:02,10.74,-0.01,331,355494,卖盘
822,14:01:56,10.75,--,66,70950,买盘
823,14:01:50,10.75,--,1,1075,买盘
824,14:01:47,10.75,0.01,15,16125,买盘
825,14:01:44,10.74,--,76,82354,买盘
826,14:01:38,10.74,-0.01,143,153925,卖盘
827,14:01:35,10.75,--,19,20425,买盘
828,14:01:29,10.75,0.01,5,5375,买盘
829,14:01:26,10.74,-0.01,4,4296,卖盘
830,14:01:20,10.75,0.01,17,18275,买盘
831,14:01:17,10.74,-0.01,3,3952,卖盘
832,14:01:14,10.75,0.01,0,1032,买盘
833,14:01:11,10.74,0.01,20,21480,中性盘
834,14:01:08,10.73,-0.02,10,10730,卖盘
835,14:01:05,10.75,0.02,30,32250,买盘
836,14:01:02,10.73,-0.02,59,63349,卖盘
837,14:00:59,10.75,0.02,60,64500,买盘
838,14:00:56,10.73,--,10,10730,卖盘
839,14:00:53,10.73,0.01,10,10730,中性盘
840,14:00:50,10.72,--,42,45024,卖盘
841,14:00:47,10.72,-0.01,180,192960,卖盘
842,14:00:44,10.73,-0.02,170,182410,卖盘
843,14:00:41,10.75,0.02,200,216032,买盘
844,14:00:38,10.73,-0.02,10,10730,卖盘
845,14:00:32,10.75,0.02,278,298850,买盘
846,14:00:29,10.73,--,46,49358,卖盘
847,14:00:26,10.73,-0.03,100,107300,卖盘
848,14:00:20,10.76,0.02,10,10760,中性盘
849,14:00:17,10.74,-0.03,905,972012,卖盘
850,14:00:14,10.77,--,542,583734,买盘
851,14:00:11,10.77,0.01,0,1033,买盘
852,14:00:08,10.76,--,110,118962,买盘
853,14:00:02,10.76,--,42,46224,买盘
854,13:59:59,10.76,--,8,8608,买盘
855,13:59:56,10.76,-0.01,26,28492,卖盘
856,13:59:50,10.77,0.01,41,44200,买盘
857,13:59:47,10.76,-0.01,212,229144,卖盘
858,13:59:44,10.77,0.01,83,89434,买盘
859,13:59:38,10.76,--,110,118360,卖盘
860,13:59:35,10.76,--,266,286216,卖盘
861,13:59:26,10.76,--,50,54832,卖盘
862,13:59:23,10.76,-0.01,67,72651,卖盘
863,13:59:11,10.77,--,1,1120,买盘
864,13:59:08,10.77,0.01,2,2154,买盘
865,13:59:05,10.76,-0.01,10,10760,卖盘
866,13:59:02,10.77,--,50,53850,买盘
867,13:58:59,10.77,--,65,71038,卖盘
868,13:58:56,10.77,-0.01,40,43080,卖盘
869,13:58:53,10.78,0.01,527,568106,买盘
870,13:58:50,10.77,--,311,334947,卖盘
871,13:58:47,10.77,--,82,88314,卖盘
872,13:58:44,10.77,-0.01,30,32310,卖盘
873,13:58:41,10.78,0.01,1,1078,买盘
874,13:58:38,10.77,-0.01,10,10770,卖盘
875,13:58:35,10.78,--,38,40964,买盘
876,13:58:32,10.78,0.01,80,86240,买盘
877,13:58:29,10.77,--,155,166935,卖盘
878,13:58:26,10.77,--,156,168572,卖盘
879,13:58:23,10.77,-0.01,10,10770,卖盘
880,13:58:20,10.78,0.01,10,10780,买盘
881,13:58:17,10.77,--,14,15078,卖盘
882,13:58:11,10.77,-0.01,16,17232,卖盘
883,13:58:08,10.78,0.01,12,13970,买盘
884,13:58:02,10.77,--,51,54970,卖盘
885,13:57:53,10.77,--,10,10770,卖盘
886,13:57:50,10.77,-0.02,8,8616,卖盘
887,13:57:47,10.79,--,8,8632,买盘
888,13:57:44,10.79,0.01,44,47475,买盘
889,13:57:41,10.78,-0.01,2,3190,卖盘
890,13:57:38,10.79,0.01,51,55072,买盘
891,13:57:35,10.78,0.01,86,93742,中性盘
892,13:57:26,10.77,--,56,60915,卖盘
893,13:57:23,10.77,-0.02,10,10770,卖盘
894,13:57:14,10.79,0.02,2,2158,买盘
895,13:57:08,10.77,-0.02,14,16111,卖盘
896,13:57:05,10.79,0.02,20,21580,买盘
897,13:57:02,10.77,--,4,4308,卖盘
898,13:56:53,10.77,--,10,10770,卖盘
899,13:56:41,10.77,0.01,138,148626,买盘
900,13:56:38,10.76,-0.01,10,10760,卖盘
901,13:56:35,10.77,--,11,11890,买盘
902,13:56:32,10.77,--,4,5341,买盘
903,13:56:29,10.77,--,86,93182,买盘
904,13:56:26,10.77,0.01,45,48465,买盘
905,13:56:23,10.76,-0.01,10,10760,卖盘
906,13:56:20,10.77,0.01,6,6462,买盘
907,13:56:17,10.76,-0.01,35,37660,卖盘
908,13:56:11,10.77,0.01,17,18309,买盘
909,13:56:02,10.76,--,1,1076,卖盘
910,13:55:59,10.76,--,20,21520,卖盘
911,13:55:53,10.76,--,10,10760,卖盘
912,13:55:44,10.76,-0.01,35,37660,卖盘
913,13:55:41,10.77,0.01,31,33387,买盘
914,13:55:38,10.76,--,10,10760,卖盘
915,13:55:35,10.76,--,54,59093,买盘
916,13:55:32,10.76,-0.01,84,90900,卖盘
917,13:55:29,10.77,--,103,111491,买盘
918,13:55:23,10.77,0.01,52,56004,买盘
919,13:55:20,10.76,-0.01,1735,1866860,卖盘
920,13:55:17,10.77,--,11,11847,买盘
921,13:55:14,10.77,--,18,19386,买盘
922,13:55:11,10.77,0.01,41,44157,买盘
923,13:55:08,10.76,-0.01,10,10760,卖盘
924,13:55:05,10.77,--,33,36057,卖盘
925,13:55:02,10.77,--,17,18869,买盘
926,13:54:59,10.77,0.01,5,5385,买盘
927,13:54:53,10.76,--,10,10760,卖盘
928,13:54:50,10.76,-0.01,12,12912,卖盘
929,13:54:44,10.77,0.01,10,10770,买盘
930,13:54:38,10.76,-0.01,248,266848,卖盘
931,13:54:29,10.77,-0.01,29,31233,卖盘
932,13:54:26,10.78,0.01,16,17248,买盘
933,13:54:23,10.77,-0.01,51,54927,卖盘
934,13:54:20,10.78,--,1,1078,买盘
935,13:54:17,10.78,--,18,19404,买盘
936,13:54:11,10.78,0.02,1,1078,买盘
937,13:54:08,10.76,-0.02,10,10760,卖盘
938,13:54:05,10.78,--,4,4312,买盘
939,13:54:02,10.78,--,10,10780,买盘
940,13:53:59,10.78,-0.01,255,274890,买盘
941,13:53:53,10.79,--,811,875068,买盘
942,13:53:44,10.79,--,66,71731,卖盘
943,13:53:41,10.79,--,20,21580,卖盘
944,13:53:38,10.79,-0.01,10,10790,卖盘
945,13:53:35,10.8,--,183,198201,买盘
946,13:53:23,10.8,0.01,93,100440,买盘
947,13:53:20,10.79,-0.01,10,10790,卖盘
948,13:53:17,10.8,0.01,52,56160,买盘
949,13:53:14,10.79,-0.01,100,107899,卖盘
950,13:53:11,10.8,--,179,193320,买盘
951,13:53:08,10.8,--,20,21600,买盘
952,13:53:05,10.8,-0.01,6,6480,买盘
953,13:53:02,10.81,0.01,441,476721,买盘
954,13:52:56,10.8,--,22,23760,买盘
955,13:52:50,10.8,-0.01,276,298512,卖盘
956,13:52:47,10.81,0.01,14,15134,买盘
957,13:52:44,10.8,-0.01,27,29419,卖盘
958,13:52:41,10.81,0.01,5,5405,买盘
959,13:52:38,10.8,-0.01,15,16200,卖盘
960,13:52:35,10.81,0.01,295,319413,买盘
961,13:52:29,10.8,--,100,108000,卖盘
962,13:52:29,10.8,-0.01,17,18403,卖盘
963,13:52:23,10.81,--,50,55087,买盘
964,13:52:20,10.81,--,12,12972,买盘
965,13:52:17,10.81,0.01,11,11934,买盘
966,13:52:11,10.8,--,110,119404,卖盘
967,13:52:08,10.8,--,31,33523,卖盘
968,13:52:05,10.8,--,38,42076,卖盘
969,13:51:59,10.8,-0.01,13,14083,卖盘
970,13:51:56,10.81,0.01,26,28106,买盘
971,13:51:53,10.8,-0.01,10,10800,卖盘
972,13:51:50,10.81,0.01,102,111299,卖盘
973,13:51:41,10.8,-0.02,20,21600,卖盘
974,13:51:38,10.82,--,262,283484,卖盘
975,13:51:35,10.82,-0.01,105,113653,卖盘
976,13:51:32,10.83,0.02,20,21660,买盘
977,13:51:29,10.81,--,1082,1169642,卖盘
978,13:51:23,10.81,-0.01,20,21620,卖盘
979,13:51:20,10.82,--,240,259680,买盘
980,13:51:14,10.82,--,0,1038,买盘
981,13:51:11,10.82,0.01,3,3289,买盘
982,13:51:05,10.81,-0.01,18,20495,卖盘
983,13:50:59,10.82,0.01,20,21640,中性盘
984,13:50:56,10.81,-0.01,248,268088,卖盘
985,13:50:53,10.82,--,10,10820,卖盘
986,13:50:50,10.82,--,2,2164,卖盘
987,13:50:47,10.82,--,14,15148,卖盘
988,13:50:41,10.82,-0.01,91,99024,卖盘
989,13:50:35,10.83,0.01,50,54150,买盘
990,13:50:32,10.82,--,31,33542,卖盘
991,13:50:26,10.82,0.01,27,29214,买盘
992,13:50:23,10.81,-0.01,10,10810,卖盘
993,13:50:20,10.82,--,41,44362,买盘
994,13:50:14,10.82,0.01,345,373290,买盘
995,13:50:11,10.81,--,122,131882,卖盘
996,13:50:08,10.81,--,10,10810,卖盘
997,13:50:05,10.81,--,3,3243,卖盘
998,13:49:56,10.81,--,6,6615,卖盘
999,13:49:53,10.81,--,10,10810,卖盘
1000,13:49:44,10.81,-0.01,102,110262,卖盘
1001,13:49:41,10.82,0.01,11,11945,买盘
1002,13:49:38,10.81,-0.01,77,83799,卖盘
1003,13:49:35,10.82,--,264,286686,买盘
1004,13:49:29,10.82,--,125,135293,买盘
1005,13:49:23,10.82,0.01,56,60592,买盘
1006,13:49:20,10.81,-0.01,10,10810,卖盘
1007,13:49:17,10.82,--,30,32460,买盘
1008,13:49:14,10.82,--,10,10820,买盘
1009,13:49:11,10.82,0.01,8,8656,买盘
1010,13:49:08,10.81,--,22,24819,卖盘
1011,13:48:59,10.81,--,98,106802,卖盘
1012,13:48:56,10.81,--,30,32430,卖盘
1013,13:48:53,10.81,-0.01,15,16215,卖盘
1014,13:48:47,10.82,0.01,41,44362,买盘
1015,13:48:41,10.81,-0.01,66,71908,卖盘
1016,13:48:38,10.82,--,196,212072,买盘
1017,13:48:32,10.82,--,276,298632,买盘
1018,13:48:29,10.82,--,10,10820,买盘
1019,13:48:26,10.82,0.01,41,44362,买盘
1020,13:48:23,10.81,-0.01,38,41078,卖盘
1021,13:48:20,10.82,--,140,151480,买盘
1022,13:48:14,10.82,--,73,78986,买盘
1023,13:48:11,10.82,0.01,1,1082,买盘
1024,13:48:08,10.81,-0.01,40,43240,卖盘
1025,13:48:05,10.82,--,5,5410,买盘
1026,13:48:02,10.82,--,80,86560,买盘
1027,13:47:59,10.82,0.01,75,81150,买盘
1028,13:47:56,10.81,--,235,254035,卖盘
1029,13:47:53,10.81,-0.01,10,10810,卖盘
1030,13:47:50,10.82,0.01,34,36788,买盘
1031,13:47:44,10.81,-0.01,56,61098,卖盘
1032,13:47:38,10.82,0.01,10,10820,买盘
1033,13:47:35,10.81,-0.01,72,77832,卖盘
1034,13:47:32,10.82,0.01,24,25968,买盘
1035,13:47:29,10.81,-0.01,52,56212,卖盘
1036,13:47:26,10.82,0.01,48,51936,买盘
1037,13:47:23,10.81,--,10,10810,卖盘
1038,13:47:17,10.81,--,54,59368,买盘
1039,13:47:11,10.81,0.01,3,3243,买盘
1040,13:47:08,10.8,-0.01,10,10800,卖盘
1041,13:47:02,10.81,--,40,43240,买盘
1042,13:46:53,10.81,--,13,14053,买盘
1043,13:46:50,10.81,--,6,6486,买盘
1044,13:46:47,10.81,--,59,64427,卖盘
1045,13:46:44,10.81,--,6,6486,卖盘
1046,13:46:41,10.81,--,1,1081,卖盘
1047,13:46:38,10.81,--,30,32862,买盘
1048,13:46:35,10.81,--,45,48645,买盘
1049,13:46:32,10.81,0.01,13,14053,买盘
1050,13:46:26,10.8,-0.01,76,82080,卖盘
1051,13:46:23,10.81,--,30,32430,买盘
1052,13:46:20,10.81,--,10,10810,买盘
1053,13:46:14,10.81,0.01,17,18377,买盘
1054,13:46:08,10.8,-0.01,11,11880,卖盘
1055,13:46:05,10.81,0.01,136,147016,买盘
1056,13:46:02,10.8,--,374,403920,卖盘
1057,13:45:59,10.8,--,7,7560,卖盘
1058,13:45:56,10.8,-0.01,12,12960,卖盘
1059,13:45:50,10.81,--,451,488179,卖盘
1060,13:45:47,10.81,--,62,67584,卖盘
1061,13:45:41,10.81,--,94,102565,买盘
1062,13:45:35,10.81,--,7,7567,买盘
1063,13:45:29,10.81,0.01,168,181608,买盘
1064,13:45:23,10.8,-0.01,52,56160,卖盘
1065,13:45:17,10.81,--,14,15134,买盘
1066,13:45:14,10.81,--,99,107019,买盘
1067,13:45:11,10.81,--,19,20539,买盘
1068,13:45:08,10.81,--,15,16215,买盘
1069,13:45:05,10.81,--,37,39997,买盘
1070,13:44:59,10.81,--,16,17296,买盘
1071,13:44:56,10.81,0.01,40,43240,买盘
1072,13:44:53,10.8,--,15,16200,卖盘
1073,13:44:50,10.8,--,56,61041,卖盘
1074,13:44:47,10.8,-0.01,10,10800,卖盘
1075,13:44:44,10.81,--,10,10810,买盘
1076,13:44:41,10.81,0.01,50,54050,买盘
1077,13:44:38,10.8,-0.01,248,267840,卖盘
1078,13:44:35,10.81,0.01,22,23782,买盘
1079,13:44:29,10.8,-0.01,10,10800,卖盘
1080,13:44:26,10.81,0.01,2,2162,买盘
1081,13:44:23,10.8,--,160,172800,卖盘
1082,13:44:20,10.8,-0.01,9,9720,卖盘
1083,13:44:17,10.81,--,26,28106,买盘
1084,13:44:08,10.81,0.01,12,12972,买盘
1085,13:44:05,10.8,--,15,16200,卖盘
1086,13:44:02,10.8,--,79,85320,卖盘
1087,13:43:59,10.8,-0.01,131,142257,卖盘
1088,13:43:56,10.81,0.01,7,7567,买盘
1089,13:43:53,10.8,--,10,10800,卖盘
1090,13:43:50,10.8,-0.01,61,66441,卖盘
1091,13:43:47,10.81,--,4,4324,买盘
1092,13:43:44,10.81,--,49,52969,买盘
1093,13:43:41,10.81,0.01,20,21620,买盘
1094,13:43:38,10.8,-0.01,60,64800,卖盘
1095,13:43:35,10.81,--,28,30268,买盘
1096,13:43:32,10.81,--,20,21620,买盘
1097,13:43:29,10.81,--,11,11891,买盘
1098,13:43:26,10.81,--,70,75670,买盘
1099,13:43:23,10.81,0.01,92,99452,买盘
1100,13:43:20,10.8,-0.01,22,23760,卖盘
1101,13:43:14,10.81,0.01,169,182689,买盘
1102,13:43:11,10.8,--,186,200880,卖盘
1103,13:43:08,10.8,--,40,43200,卖盘
1104,13:42:59,10.8,-0.01,19,20520,卖盘
1105,13:42:56,10.81,--,200,216200,买盘
1106,13:42:53,10.81,0.01,157,170279,买盘
1107,13:42:47,10.8,-0.01,40,43200,卖盘
1108,13:42:44,10.81,0.01,115,124315,买盘
1109,13:42:38,10.8,-0.01,13,14040,卖盘
1110,13:42:32,10.81,--,638,690456,买盘
1111,13:42:26,10.81,0.01,38,41078,买盘
1112,13:42:23,10.8,-0.01,73,78840,卖盘
1113,13:42:20,10.81,--,28,30268,买盘
1114,13:42:17,10.81,--,11,11891,买盘
1115,13:42:14,10.81,0.01,25,27414,买盘
1116,13:42:08,10.8,--,17,18403,卖盘
1117,13:42:05,10.8,-0.01,92,100396,卖盘
1118,13:41:59,10.81,0.01,10,10810,买盘
1119,13:41:56,10.8,-0.01,68,74001,卖盘
1120,13:41:43,10.81,--,5,5405,买盘
1121,13:41:40,10.81,--,2,2162,买盘
1122,13:41:37,10.81,0.01,32,34592,买盘
1123,13:41:34,10.8,-0.01,32,34560,卖盘
1124,13:41:31,10.81,0.01,2,2162,买盘
1125,13:41:28,10.8,-0.01,320,345600,卖盘
1126,13:41:25,10.81,--,175,189175,买盘
1127,13:41:19,10.81,--,73,78913,买盘
1128,13:41:16,10.81,0.01,94,101614,买盘
1129,13:41:13,10.8,--,21,22680,卖盘
1130,13:41:10,10.8,--,94,101520,卖盘
1131,13:41:04,10.8,--,626,676080,卖盘
1132,13:41:01,10.8,--,20,21600,卖盘
1133,13:40:58,10.8,--,82,89121,卖盘
1134,13:40:55,10.8,--,6,6955,卖盘
1135,13:40:52,10.8,--,10,10800,卖盘
1136,13:40:49,10.8,--,7,7560,卖盘
1137,13:40:46,10.8,--,9,9720,卖盘
1138,13:40:37,10.8,-0.01,30,32400,卖盘
1139,13:40:34,10.81,--,3,3243,买盘
1140,13:40:31,10.81,--,30,32430,买盘
1141,13:40:28,10.81,0.01,13,14701,买盘
1142,13:40:25,10.8,--,81,87480,卖盘
1143,13:40:22,10.8,--,17,18360,卖盘
1144,13:40:13,10.8,-0.01,537,579960,卖盘
1145,13:40:10,10.81,0.01,2,2162,买盘
1146,13:40:07,10.8,-0.01,13,14040,卖盘
1147,13:40:04,10.81,0.01,18,19458,买盘
1148,13:39:58,10.8,-0.01,159,172281,卖盘
1149,13:39:55,10.81,0.01,73,78913,买盘
1150,13:39:52,10.8,-0.01,46,49680,卖盘
1151,13:39:46,10.81,--,2,2162,买盘
1152,13:39:43,10.81,0.01,36,38916,买盘
1153,13:39:37,10.8,--,13,14040,卖盘
1154,13:39:34,10.8,-0.01,81,87480,卖盘
1155,13:39:28,10.81,--,121,130801,买盘
1156,13:39:25,10.81,0.01,32,34592,买盘
1157,13:39:22,10.8,-0.01,343,370440,卖盘
1158,13:39:19,10.81,--,138,149178,买盘
1159,13:39:13,10.81,--,4,4324,买盘
1160,13:39:10,10.81,0.01,32,34592,买盘
1161,13:39:07,10.8,-0.01,23,24840,卖盘
1162,13:39:04,10.81,0.01,4,4324,买盘
1163,13:39:01,10.8,-0.01,56,61041,卖盘
1164,13:38:52,10.81,--,270,291999,卖盘
1165,13:38:49,10.81,-0.01,132,143081,卖盘
1166,13:38:46,10.82,--,50,54100,买盘
1167,13:38:43,10.82,0.01,10,10820,买盘
1168,13:38:40,10.81,--,10,10810,卖盘
1169,13:38:37,10.81,--,10,10810,卖盘
1170,13:38:31,10.81,--,58,62698,卖盘
1171,13:38:28,10.81,--,22,23782,卖盘
1172,13:38:25,10.81,--,10,10810,卖盘
1173,13:38:16,10.81,-0.01,100,108100,卖盘
1174,13:38:10,10.82,0.01,259,280238,买盘
1175,13:38:07,10.81,--,17,18377,卖盘
1176,13:38:04,10.81,0.01,128,138930,买盘
1177,13:38:01,10.8,-0.01,58,63201,卖盘
1178,13:37:58,10.81,--,2,2162,买盘
1179,13:37:52,10.81,--,56,60536,买盘
1180,13:37:46,10.81,--,23,24863,买盘
1181,13:37:43,10.81,--,15,16215,买盘
1182,13:37:40,10.81,--,720,778838,卖盘
1183,13:37:37,10.81,-0.01,57,61617,卖盘
1184,13:37:34,10.82,--,22,23804,买盘
1185,13:37:31,10.82,--,30,32460,买盘
1186,13:37:25,10.82,0.01,42,45444,买盘
1187,13:37:22,10.81,-0.01,40,43240,卖盘
1188,13:37:19,10.82,--,47,50854,买盘
1189,13:37:10,10.82,--,10,10820,买盘
1190,13:37:07,10.82,--,38,41116,买盘
1191,13:37:04,10.82,0.01,157,170436,买盘
1192,13:36:55,10.81,--,15,16215,卖盘
1193,13:36:52,10.81,--,10,10810,卖盘
1194,13:36:49,10.81,--,120,129720,买盘
1195,13:36:46,10.81,0.01,74,79994,买盘
1196,13:36:43,10.8,--,20,21600,卖盘
1197,13:36:40,10.8,--,55,59400,卖盘
1198,13:36:37,10.8,--,10,10800,卖盘
1199,13:36:31,10.8,--,6169,6663470,买盘
1200,13:36:28,10.8,0.01,6,6480,买盘
1201,13:36:25,10.79,--,7,7552,卖盘
1202,13:36:22,10.79,--,121,130558,卖盘
1203,13:36:19,10.79,-0.01,250,269750,卖盘
1204,13:36:13,10.8,0.01,1,1080,买盘
1205,13:36:10,10.79,-0.01,40,43160,卖盘
1206,13:36:07,10.8,0.01,240,259761,买盘
1207,13:35:58,10.79,--,30,32369,买盘
1208,13:35:55,10.79,--,33,35607,买盘
1209,13:35:52,10.79,--,30,32369,买盘
1210,13:35:49,10.79,--,6,6473,买盘
1211,13:35:43,10.79,--,30,32369,买盘
1212,13:35:40,10.79,--,10,10790,买盘
1213,13:35:37,10.79,-0.01,408,440231,卖盘
1214,13:35:34,10.8,0.01,2,2160,买盘
1215,13:35:31,10.79,-0.01,40,43160,卖盘
1216,13:35:28,10.8,--,37,39960,买盘
1217,13:35:25,10.8,--,2748,2967840,买盘
1218,13:35:19,10.8,--,23,24840,买盘
1219,13:35:13,10.8,0.01,45,48600,买盘
1220,13:35:10,10.79,--,22,23737,卖盘
1221,13:35:07,10.79,--,102,110619,卖盘
1222,13:35:04,10.79,--,22,23737,卖盘
1223,13:35:01,10.79,--,755,814644,买盘
1224,13:34:52,10.79,0.01,54,58265,买盘
1225,13:34:49,10.78,-0.01,26,28028,卖盘
1226,13:34:43,10.79,0.01,23,24816,买盘
1227,13:34:37,10.78,-0.01,45,48510,卖盘
1228,13:34:34,10.79,0.01,12,12947,买盘
1229,13:34:31,10.78,--,12,12936,卖盘
1230,13:34:28,10.78,0.01,200,216031,买盘
1231,13:34:22,10.77,-0.01,19,20463,卖盘
1232,13:34:16,10.78,--,40,43120,买盘
1233,13:34:13,10.78,-0.01,55,59936,卖盘
1234,13:34:10,10.79,--,178,192623,买盘
1235,13:34:07,10.79,--,154,166554,买盘
1236,13:34:04,10.79,--,62,66898,买盘
1237,13:34:01,10.79,--,369,398150,卖盘
1238,13:33:58,10.79,--,310,334490,卖盘
1239,13:33:55,10.79,-0.01,20,21580,卖盘
1240,13:33:49,10.8,0.01,26,28080,买盘
1241,13:33:40,10.79,-0.01,23,24816,卖盘
1242,13:33:37,10.8,--,33,35640,买盘
1243,13:33:31,10.8,--,41,44280,买盘
1244,13:33:28,10.8,--,77,83160,买盘
1245,13:33:25,10.8,0.01,20,21600,买盘
1246,13:33:22,10.79,--,10,10790,卖盘
1247,13:33:19,10.79,-0.01,60,64739,卖盘
1248,13:33:16,10.8,0.01,212,228960,买盘
1249,13:33:13,10.79,0.01,21,22659,买盘
1250,13:33:10,10.78,--,56,60928,卖盘
1251,13:33:07,10.78,--,114,122891,卖盘
1252,13:32:58,10.78,--,59,63601,卖盘
1253,13:32:55,10.78,0.01,23,24794,中性盘
1254,13:32:52,10.77,-0.02,55,59235,卖盘
1255,13:32:49,10.79,0.01,305,329095,买盘
1256,13:32:46,10.78,--,132,142296,买盘
1257,13:32:43,10.78,0.01,126,135828,买盘
1258,13:32:40,10.77,-0.01,10,10770,卖盘
1259,13:32:34,10.78,0.01,124,133672,买盘
1260,13:32:31,10.77,--,70,75390,卖盘
1261,13:32:22,10.77,-0.01,10,10770,卖盘
1262,13:32:16,10.78,--,1,1078,买盘
1263,13:32:13,10.78,0.01,117,126686,买盘
1264,13:32:10,10.77,0.01,569,612899,买盘
1265,13:32:07,10.76,-0.01,20,21520,卖盘
1266,13:32:04,10.77,0.01,216,232632,买盘
1267,13:31:58,10.76,-0.01,31,33399,卖盘
1268,13:31:55,10.77,0.01,28,30156,买盘
1269,13:31:52,10.76,-0.01,10,10760,卖盘
1270,13:31:49,10.77,0.01,18,20419,买盘
1271,13:31:40,10.76,-0.01,10,10760,卖盘
1272,13:31:37,10.77,--,3,3274,买盘
1273,13:31:34,10.77,0.01,10,11803,买盘
1274,13:31:28,10.76,-0.01,153,165101,卖盘
1275,13:31:22,10.77,0.01,32,35497,买盘
1276,13:31:19,10.76,--,26,27976,卖盘
1277,13:31:16,10.76,--,14,15064,卖盘
1278,13:31:13,10.76,-0.01,115,124299,卖盘
1279,13:31:10,10.77,--,17,18352,买盘
1280,13:31:07,10.77,--,20,21540,买盘
1281,13:31:04,10.77,0.01,2,2154,买盘
1282,13:31:01,10.76,-0.01,6,6456,卖盘
1283,13:30:55,10.77,0.01,12,13957,买盘
1284,13:30:52,10.76,-0.01,13,14031,卖盘
1285,13:30:49,10.77,0.01,6,7495,买盘
1286,13:30:46,10.76,--,13,14031,卖盘
1287,13:30:40,10.76,--,32,35464,卖盘
1288,13:30:37,10.76,--,12,12912,卖盘
1289,13:30:31,10.76,--,30,32280,卖盘
1290,13:30:28,10.76,--,53,57071,卖盘
1291,13:30:25,10.76,--,26,29008,卖盘
1292,13:30:19,10.76,--,33,35551,卖盘
1293,13:30:13,10.76,-0.01,56,60772,卖盘
1294,13:30:10,10.77,0.02,7,7582,买盘
1295,13:30:07,10.75,-0.02,10,10750,卖盘
1296,13:30:04,10.77,0.02,6,6462,买盘
1297,13:30:01,10.75,--,20,21500,卖盘
1298,13:29:58,10.75,--,150,162282,卖盘
1299,13:29:52,10.75,-0.02,10,10750,卖盘
1300,13:29:49,10.77,--,110,118470,买盘
1301,13:29:46,10.77,--,6,6462,买盘
1302,13:29:40,10.77,0.02,1,1120,买盘
1303,13:29:37,10.75,-0.02,10,10750,卖盘
1304,13:29:34,10.77,--,4,4308,买盘
1305,13:29:28,10.77,--,20,21540,买盘
1306,13:29:25,10.77,0.02,14,16111,买盘
1307,13:29:22,10.75,-0.01,93,100018,卖盘
1308,13:29:19,10.76,-0.01,38,40888,卖盘
1309,13:29:16,10.77,0.01,246,264942,买盘
1310,13:29:10,10.76,-0.02,10,11792,卖盘
1311,13:29:07,10.78,--,55,59333,买盘
1312,13:28:55,10.78,0.02,98,105644,买盘
1313,13:28:52,10.76,-0.02,10,10760,卖盘
1314,13:28:49,10.78,0.02,6,6468,买盘
1315,13:28:46,10.76,--,12,12912,买盘
1316,13:28:40,10.76,--,18,19368,买盘
1317,13:28:37,10.76,0.01,32,35464,中性盘
1318,13:28:34,10.75,-0.03,235,252668,卖盘
1319,13:28:28,10.78,0.02,10,10780,中性盘
1320,13:28:25,10.76,-0.03,20,21520,卖盘
1321,13:28:22,10.79,0.03,120,129479,买盘
1322,13:28:19,10.76,-0.02,72,77988,卖盘
1323,13:28:16,10.78,0.02,2,2156,买盘
1324,13:28:13,10.76,-0.03,75,80743,卖盘
1325,13:28:10,10.79,--,136,147779,买盘
1326,13:28:07,10.79,0.01,1,1122,买盘
1327,13:28:01,10.78,-0.01,86,93742,卖盘
1328,13:27:55,10.79,--,20,21580,买盘
1329,13:27:52,10.79,0.01,548,591292,买盘
1330,13:27:49,10.78,--,7,7589,买盘
1331,13:27:46,10.78,--,70,75460,买盘
1332,13:27:43,10.78,--,333,360008,卖盘
1333,13:27:37,10.78,--,10,10780,卖盘
1334,13:27:34,10.78,--,10,10780,卖盘
1335,13:27:28,10.78,--,453,488334,买盘
1336,13:27:25,10.78,0.01,21,22681,买盘
1337,13:27:22,10.77,--,66,71598,卖盘
1338,13:27:19,10.77,-0.01,38,41787,中性盘
1339,13:27:16,10.78,--,25,26950,买盘
1340,13:27:13,10.78,0.02,1,1078,买盘
1341,13:27:10,10.76,-0.01,315,338940,卖盘
1342,13:27:07,10.77,--,78,84006,卖盘
1343,13:27:04,10.77,0.01,217,233709,买盘
1344,13:26:55,10.76,-0.01,10,10760,卖盘
1345,13:26:52,10.77,--,6,6462,买盘
1346,13:26:46,10.77,-0.01,8,8616,买盘
1347,13:26:43,10.78,--,1,1078,买盘
1348,13:26:40,10.78,0.02,301,324478,买盘
1349,13:26:37,10.76,-0.01,11,11836,卖盘
1350,13:26:34,10.77,0.01,5,5385,买盘
1351,13:26:31,10.76,0.01,15,16140,买盘
1352,13:26:25,10.75,--,7,8084,买盘
1353,13:26:22,10.75,-0.01,59,63425,卖盘
1354,13:26:19,10.76,--,237,255012,买盘
1355,13:26:10,10.76,0.01,1,1076,中性盘
1356,13:26:07,10.75,-0.03,33,35475,中性盘
1357,13:26:01,10.78,0.03,20,21560,买盘
1358,13:25:55,10.75,0.01,5,5375,卖盘
1359,13:25:52,10.74,-0.03,235,252390,卖盘
1360,13:25:49,10.77,0.01,27,29079,买盘
1361,13:25:43,10.76,--,38,40888,卖盘
1362,13:25:37,10.76,-0.01,10,10760,卖盘
1363,13:25:34,10.77,--,3,3231,买盘
1364,13:25:28,10.77,0.02,24,26408,买盘
1365,13:25:25,10.75,--,52,55900,卖盘
1366,13:25:22,10.75,0.01,30,32250,卖盘
1367,13:25:16,10.74,-0.03,344,369456,卖盘
1368,13:25:13,10.77,--,33,35541,买盘
1369,13:25:10,10.77,--,1,1077,买盘
1370,13:25:07,10.77,--,87,93699,买盘
1371,13:24:58,10.77,0.01,20,21540,买盘
1372,13:24:52,10.76,--,15,16140,卖盘
1373,13:24:49,10.76,--,17,18292,卖盘
1374,13:24:43,10.76,0.01,54,58362,买盘
1375,13:24:40,10.75,-0.01,27,29025,中性盘
1376,13:24:25,10.76,0.01,303,326329,买盘
1377,13:24:22,10.75,--,66,70950,卖盘
1378,13:24:19,10.75,--,16,17200,卖盘
1379,13:24:13,10.75,--,132,142674,卖盘
1380,13:24:10,10.75,--,18,19350,卖盘
1381,13:24:07,10.75,-0.01,133,142975,卖盘
1382,13:24:01,10.76,0.01,2,2152,买盘
1383,13:23:58,10.75,-0.01,45,48375,卖盘
1384,13:23:55,10.76,0.01,3,3228,买盘
1385,13:23:52,10.75,--,370,397750,卖盘
1386,13:23:46,10.75,--,132,141900,卖盘
1387,13:23:43,10.75,-0.01,15,16125,卖盘
1388,13:23:40,10.76,0.01,56,60256,买盘
1389,13:23:37,10.75,--,20,21500,卖盘
1390,13:23:34,10.75,-0.01,5,5375,卖盘
1391,13:23:31,10.76,0.01,10,10760,买盘
1392,13:23:28,10.75,--,57,61834,卖盘
1393,13:23:25,10.75,-0.01,50,53750,卖盘
1394,13:23:19,10.76,0.01,20,21520,买盘
1395,13:23:16,10.75,-0.01,36,38700,卖盘
1396,13:23:13,10.76,0.01,57,61332,买盘
1397,13:23:10,10.75,--,235,252625,卖盘
1398,13:23:07,10.75,-0.01,16,17200,卖盘
1399,13:23:04,10.76,--,85,91460,买盘
1400,13:23:01,10.76,--,150,161400,买盘
1401,13:22:55,10.76,0.01,13,13988,买盘
1402,13:22:52,10.75,--,10,10750,卖盘
1403,13:22:49,10.75,--,207,223299,卖盘
1404,13:22:43,10.75,-0.01,195,209625,卖盘
1405,13:22:40,10.76,0.01,2,2152,买盘
1406,13:22:37,10.75,--,16,17200,卖盘
1407,13:22:28,10.75,-0.01,86,92450,卖盘
1408,13:22:25,10.76,--,82,88232,卖盘
1409,13:22:22,10.76,--,69,74244,卖盘
1410,13:22:10,10.76,--,19,20444,卖盘
1411,13:22:07,10.76,--,367,394892,卖盘
1412,13:22:04,10.76,-0.01,20,21520,卖盘
1413,13:22:01,10.77,0.01,48,51696,买盘
1414,13:21:52,10.76,-0.01,10,10760,卖盘
1415,13:21:43,10.77,0.01,223,240171,买盘
1416,13:21:37,10.76,-0.02,15,16140,卖盘
1417,13:21:34,10.78,0.02,141,151998,买盘
1418,13:21:31,10.76,-0.02,46,50012,卖盘
1419,13:21:28,10.78,0.01,326,351428,买盘
1420,13:21:25,10.77,-0.01,10,10770,卖盘
1421,13:21:22,10.78,--,59,63601,买盘
1422,13:21:19,10.78,-0.01,10,10780,买盘
1423,13:21:12,10.79,0.02,142,153218,买盘
1424,13:21:09,10.77,--,15,16155,卖盘
1425,13:21:06,10.77,-0.01,181,194937,卖盘
1426,13:20:57,10.78,--,177,190806,卖盘
1427,13:20:54,10.78,--,16,17248,卖盘
1428,13:20:51,10.78,--,121,130437,卖盘
1429,13:20:48,10.78,--,19,20482,卖盘
1430,13:20:45,10.78,--,35,38290,买盘
1431,13:20:42,10.78,--,46,49588,买盘
1432,13:20:39,10.78,0.01,1,1078,买盘
1433,13:20:36,10.77,-0.01,32,34464,卖盘
1434,13:20:33,10.78,-0.01,2,2156,卖盘
1435,13:20:24,10.79,0.01,21,22659,买盘
1436,13:20:21,10.78,-0.01,382,411796,卖盘
1437,13:20:18,10.79,--,53,57186,买盘
1438,13:20:15,10.79,--,11,11868,买盘
1439,13:20:12,10.79,--,5,5395,买盘
1440,13:20:09,10.79,-0.01,668,720772,卖盘
1441,13:20:06,10.8,--,32,34560,买盘
1442,13:20:03,10.8,--,72,77760,买盘
1443,13:19:57,10.8,0.01,17,18360,买盘
1444,13:19:54,10.79,--,10,10790,卖盘
1445,13:19:45,10.79,--,5,5395,卖盘
1446,13:19:36,10.79,-0.01,10,10790,卖盘
1447,13:19:33,10.8,--,5,5400,买盘
1448,13:19:30,10.8,--,247,267624,卖盘
1449,13:19:27,10.8,--,5,5400,卖盘
1450,13:19:24,10.8,--,369,398736,卖盘
1451,13:19:21,10.8,--,30,32400,卖盘
1452,13:19:18,10.8,-0.01,17,18360,卖盘
1453,13:19:15,10.81,0.01,21,22701,买盘
1454,13:19:09,10.8,--,181,195480,买盘
1455,13:19:03,10.8,0.01,166,179280,买盘
1456,13:19:00,10.79,-0.01,147,159130,卖盘
1457,13:18:57,10.8,--,14,15120,买盘
1458,13:18:54,10.8,--,21,22680,买盘
1459,13:18:45,10.8,0.01,1,1080,买盘
1460,13:18:39,10.79,--,10,10790,卖盘
1461,13:18:36,10.79,--,115,124646,卖盘
1462,13:18:30,10.79,-0.01,34,36686,卖盘
1463,13:18:27,10.8,--,35,37800,买盘
1464,13:18:24,10.8,0.02,95,102600,买盘
1465,13:18:21,10.78,-0.01,11,11858,卖盘
1466,13:18:15,10.79,--,289,311831,买盘
1467,13:18:12,10.79,0.01,38,41002,买盘
1468,13:18:06,10.78,-0.01,21,22638,卖盘
1469,13:18:03,10.79,--,2,2158,买盘
1470,13:17:57,10.79,--,4,4316,买盘
1471,13:17:54,10.79,0.01,61,65819,买盘
1472,13:17:51,10.78,-0.01,77,83006,卖盘
1473,13:17:48,10.79,--,8,8632,买盘
1474,13:17:45,10.79,0.01,26,28053,买盘
1475,13:17:39,10.78,-0.01,66,71665,卖盘
1476,13:17:36,10.79,--,2,2158,买盘
1477,13:17:30,10.79,--,507,547139,卖盘
1478,13:17:21,10.79,--,10,10790,卖盘
1479,13:17:18,10.79,-0.01,5,5395,卖盘
1480,13:17:15,10.8,--,8,8640,买盘
1481,13:17:12,10.8,0.01,203,219240,买盘
1482,13:17:06,10.79,--,41,44239,卖盘
1483,13:17:03,10.79,-0.01,5,5395,卖盘
1484,13:17:00,10.8,--,7,7560,买盘
1485,13:16:57,10.8,0.01,46,49680,买盘
1486,13:16:54,10.79,--,100,107899,卖盘
1487,13:16:51,10.79,--,10,10790,卖盘
1488,13:16:48,10.79,--,58,62581,卖盘
1489,13:16:39,10.79,-0.01,10,10790,卖盘
1490,13:16:36,10.8,-0.01,2222,2399846,卖盘
1491,13:16:33,10.81,0.01,1006,1087486,买盘
1492,13:16:27,10.8,--,10,10800,卖盘
1493,13:16:21,10.8,--,20,21600,卖盘
1494,13:16:18,10.8,--,3,3240,卖盘
1495,13:16:15,10.8,-0.01,39,42120,卖盘
1496,13:16:09,10.81,0.01,1,1081,买盘
1497,13:16:06,10.8,-0.01,115,124200,卖盘
1498,13:16:03,10.81,0.01,7,7567,买盘
1499,13:16:00,10.8,--,30,32400,卖盘
1500,13:15:57,10.8,--,60,64800,卖盘
1501,13:15:54,10.8,--,55,59400,卖盘
1502,13:15:51,10.8,--,40,43200,卖盘
1503,13:15:48,10.8,0.01,442,478353,买盘
1504,13:15:42,10.79,--,85,92276,卖盘
1505,13:15:39,10.79,-0.01,85,91715,卖盘
1506,13:15:27,10.8,0.01,110,118800,买盘
1507,13:15:24,10.79,--,16,17264,卖盘
1508,13:15:21,10.79,-0.01,6,6473,卖盘
1509,13:15:09,10.8,--,104,112320,买盘
1510,13:15:03,10.8,0.01,31,33480,买盘
1511,13:15:00,10.79,-0.01,20,21580,卖盘
1512,13:14:57,10.8,0.01,45,48600,买盘
1513,13:14:51,10.79,--,16,17264,卖盘
1514,13:14:48,10.79,-0.01,10,10790,卖盘
1515,13:14:45,10.8,0.01,1,1080,买盘
1516,13:14:42,10.79,--,124,134335,卖盘
1517,13:14:36,10.79,-0.01,16,17264,卖盘
1518,13:14:30,10.8,0.01,19,20520,买盘
1519,13:14:24,10.79,-0.01,12,12947,卖盘
1520,13:14:21,10.8,--,10,10800,买盘
1521,13:14:18,10.8,--,1,1080,买盘
1522,13:14:15,10.8,0.01,75,81000,买盘
1523,13:14:12,10.79,--,18,19422,卖盘
1524,13:14:09,10.79,--,11,11868,卖盘
1525,13:14:03,10.79,--,20,21580,卖盘
1526,13:14:00,10.79,--,24,25895,卖盘
1527,13:13:57,10.79,-0.01,322,347438,卖盘
1528,13:13:54,10.8,0.01,1136,1226880,买盘
1529,13:13:51,10.79,--,739,797380,卖盘
1530,13:13:48,10.79,--,20,21580,卖盘
1531,13:13:45,10.79,-0.01,68,73933,卖盘
1532,13:13:42,10.8,--,2,2160,买盘
1533,13:13:39,10.8,0.01,100,108000,买盘
1534,13:13:36,10.79,-0.01,92,99267,卖盘
1535,13:13:33,10.8,--,60,64800,买盘
1536,13:13:30,10.8,--,54,58320,买盘
1537,13:13:27,10.8,--,51,55188,卖盘
1538,13:13:24,10.8,--,58,63612,买盘
1539,13:13:21,10.8,--,50,54000,买盘
1540,13:13:18,10.8,--,50,54000,买盘
1541,13:13:15,10.8,--,889,960228,卖盘
1542,13:13:12,10.8,--,67,72360,卖盘
1543,13:13:09,10.8,-0.01,61,65880,卖盘
1544,13:13:06,10.81,--,3,3243,买盘
1545,13:13:03,10.81,--,53,57293,买盘
1546,13:13:00,10.81,-0.01,176,190256,中性盘
1547,13:12:54,10.82,--,37,40034,买盘
1548,13:12:51,10.82,0.01,135,147108,买盘
1549,13:12:48,10.81,--,20,21620,卖盘
1550,13:12:45,10.81,-0.01,56,61098,卖盘
1551,13:12:42,10.82,--,12,12984,买盘
1552,13:12:39,10.82,--,10,10820,买盘
1553,13:12:36,10.82,0.01,188,203416,买盘
1554,13:12:30,10.81,--,55,59455,卖盘
1555,13:12:27,10.81,--,13,14053,卖盘
1556,13:12:24,10.81,-0.01,19,20539,卖盘
1557,13:12:21,10.82,0.01,1,1082,买盘
1558,13:12:18,10.81,--,10,10810,卖盘
1559,13:12:15,10.81,--,90,97290,卖盘
1560,13:12:12,10.81,--,20,21620,卖盘
1561,13:12:09,10.81,--,24,25944,卖盘
1562,13:12:06,10.81,--,131,141611,卖盘
1563,13:12:00,10.81,-0.01,10,10810,卖盘
1564,13:11:57,10.82,0.01,1,1082,买盘
1565,13:11:54,10.81,--,240,259440,卖盘
1566,13:11:51,10.81,--,56,61098,卖盘
1567,13:11:45,10.81,-0.01,7,7567,卖盘
1568,13:11:42,10.82,0.01,2,2164,买盘
1569,13:11:36,10.81,--,316,341596,卖盘
1570,13:11:33,10.81,--,116,125396,买盘
1571,13:11:30,10.81,0.01,12,12972,中性盘
1572,13:11:21,10.8,-0.02,11,11880,卖盘
1573,13:11:18,10.82,0.01,167,180694,买盘
1574,13:11:15,10.81,-0.01,8,8648,卖盘
1575,13:11:09,10.82,0.01,11,11902,买盘
1576,13:11:06,10.81,--,137,148097,卖盘
1577,13:11:00,10.81,--,22,23782,卖盘
1578,13:10:57,10.81,--,85,91885,卖盘
1579,13:10:51,10.81,0.01,61,66481,买盘
1580,13:10:42,10.8,-0.01,97,104760,卖盘
1581,13:10:36,10.81,--,239,258359,买盘
1582,13:10:33,10.81,0.01,45,48645,中性盘
1583,13:10:21,10.8,--,210,226800,卖盘
1584,13:10:15,10.8,-0.01,4,4665,卖盘
1585,13:10:09,10.81,0.01,1,1081,买盘
1586,13:10:06,10.8,-0.01,47,50760,卖盘
1587,13:10:00,10.81,0.01,20,21620,买盘
1588,13:09:57,10.8,-0.01,16,17280,卖盘
1589,13:09:54,10.81,--,867,937745,卖盘
1590,13:09:51,10.81,--,57,62179,卖盘
1591,13:09:45,10.81,--,1,1081,卖盘
1592,13:09:39,10.81,--,222,239982,买盘
1593,13:09:36,10.81,0.01,120,129720,买盘
1594,13:09:33,10.8,--,3,3240,卖盘
1595,13:09:24,10.8,--,14,15120,卖盘
1596,13:09:21,10.8,-0.01,26,28080,卖盘
1597,13:09:18,10.81,--,10,10810,买盘
1598,13:09:15,10.81,--,1,1081,买盘
1599,13:09:12,10.81,--,7,7567,买盘
1600,13:09:09,10.81,0.01,126,136206,买盘
1601,13:09:06,10.8,--,15,16200,卖盘
1602,13:09:03,10.8,-0.01,49,52920,卖盘
1603,13:09:00,10.81,0.01,22,23782,买盘
1604,13:08:57,10.8,-0.01,22,23760,卖盘
1605,13:08:54,10.81,--,126,136746,买盘
1606,13:08:48,10.81,0.01,1,1081,买盘
1607,13:08:45,10.8,--,1,1080,卖盘
1608,13:08:42,10.8,--,10,10800,卖盘
1609,13:08:39,10.8,--,29,31320,卖盘
1610,13:08:33,10.8,--,5,5400,卖盘
1611,13:08:30,10.8,-0.01,33,35640,卖盘
1612,13:08:27,10.81,0.01,100,108100,买盘
1613,13:08:24,10.8,--,56,60480,卖盘
1614,13:08:18,10.8,0.01,31,34106,买盘
1615,13:08:12,10.79,-0.01,10,10790,卖盘
1616,13:08:09,10.8,--,3,3240,买盘
1617,13:08:06,10.8,0.01,15,16200,买盘
1618,13:08:03,10.79,-0.01,1,1079,卖盘
1619,13:08:00,10.8,--,67,72360,买盘
1620,13:07:57,10.8,--,15,17215,卖盘
1621,13:07:54,10.8,--,345,372600,卖盘
1622,13:07:51,10.8,--,209,225720,卖盘
1623,13:07:48,10.8,-0.01,24,25920,卖盘
1624,13:07:45,10.81,--,104,112424,买盘
1625,13:07:42,10.81,0.01,4,4324,买盘
1626,13:07:39,10.8,-0.01,10,10800,卖盘
1627,13:07:36,10.81,--,104,112424,买盘
1628,13:07:30,10.81,--,5,5405,买盘
1629,13:07:24,10.81,--,24,25944,买盘
1630,13:07:21,10.81,0.01,32,34592,买盘
1631,13:07:18,10.8,--,10,10800,卖盘
1632,13:07:12,10.8,--,21,22680,卖盘
1633,13:07:06,10.8,-0.01,10,10800,卖盘
1634,13:07:03,10.81,0.01,11,11891,买盘
1635,13:07:00,10.8,--,1,1080,卖盘
1636,13:06:57,10.8,-0.01,86,93441,卖盘
1637,13:06:54,10.81,0.01,78,84318,买盘
1638,13:06:51,10.8,--,20,21600,卖盘
1639,13:06:48,10.8,--,10,10800,卖盘
1640,13:06:39,10.8,-0.02,10,10800,卖盘
1641,13:06:36,10.82,0.01,14,15148,买盘
1642,13:06:27,10.81,--,47,51325,卖盘
1643,13:06:24,10.81,--,10,10810,卖盘
1644,13:06:21,10.81,--,17,18377,卖盘
1645,13:06:15,10.81,--,106,114586,卖盘
1646,13:06:12,10.81,--,8,8648,卖盘
1647,13:06:09,10.81,-0.01,10,10810,卖盘
1648,13:06:06,10.82,0.01,4,4328,买盘
1649,13:06:03,10.81,-0.01,56,61098,卖盘
1650,13:05:57,10.82,0.01,4,4328,买盘
1651,13:05:51,10.81,-0.01,42,45402,卖盘
1652,13:05:48,10.82,--,68,73576,买盘
1653,13:05:45,10.82,--,5,5410,买盘
1654,13:05:42,10.82,--,17,18394,买盘
1655,13:05:39,10.82,0.01,1,1082,买盘
1656,13:05:36,10.81,--,10,10810,卖盘
1657,13:05:33,10.81,--,50,54050,卖盘
1658,13:05:30,10.81,--,26,28106,卖盘
1659,13:05:24,10.81,--,10,10810,卖盘
1660,13:05:21,10.81,--,56,60536,买盘
1661,13:05:18,10.81,--,11,11891,买盘
1662,13:05:15,10.81,--,1,1081,买盘
1663,13:05:12,10.81,0.01,19,20539,买盘
1664,13:05:09,10.8,--,10,10800,卖盘
1665,13:05:03,10.8,--,83,90201,卖盘
1666,13:04:54,10.8,-0.02,60,64800,卖盘
1667,13:04:48,10.82,0.01,4,4328,买盘
1668,13:04:45,10.81,-0.01,12,12972,卖盘
1669,13:04:42,10.82,--,8,8656,买盘
1670,13:04:39,10.82,--,43,46526,买盘
1671,13:04:36,10.82,--,47,50854,买盘
1672,13:04:33,10.82,--,59,63838,买盘
1673,13:04:30,10.82,--,30,32460,买盘
1674,13:04:24,10.82,--,69,74658,买盘
1675,13:04:18,10.82,--,5,5410,买盘
1676,13:04:15,10.82,-0.01,315,340916,卖盘
1677,13:04:12,10.83,0.01,10,10830,买盘
1678,13:04:09,10.82,--,65,70330,卖盘
1679,13:04:06,10.82,--,174,188268,卖盘
1680,13:04:03,10.82,--,99,108113,卖盘
1681,13:03:54,10.82,--,10,10820,卖盘
1682,13:03:48,10.82,--,15,16230,卖盘
1683,13:03:45,10.82,--,145,156890,买盘
1684,13:03:39,10.82,0.01,5,5410,买盘
1685,13:03:36,10.81,--,12,12972,卖盘
1686,13:03:33,10.81,-0.01,13,14053,卖盘
1687,13:03:30,10.82,0.01,24,25968,买盘
1688,13:03:24,10.81,--,94,101614,卖盘
1689,13:03:21,10.81,-0.01,30,32430,卖盘
1690,13:03:18,10.82,0.01,10,10820,买盘
1691,13:03:15,10.81,-0.01,43,46483,卖盘
1692,13:03:12,10.82,--,1,1082,买盘
1693,13:03:09,10.82,--,70,75740,买盘
1694,13:03:06,10.82,0.02,60,65461,买盘
1695,13:02:57,10.8,--,33,35640,卖盘
1696,13:02:54,10.8,-0.02,59,63720,卖盘
1697,13:02:51,10.82,0.01,200,216400,买盘
1698,13:02:45,10.81,-0.01,26,28106,卖盘
1699,13:02:42,10.82,0.02,25,27050,买盘
1700,13:02:38,10.8,-0.02,10,10800,卖盘
1701,13:02:35,10.82,0.02,35,37870,买盘
1702,13:02:26,10.8,--,29,31320,卖盘
1703,13:02:20,10.8,-0.02,12,12960,卖盘
1704,13:02:17,10.82,--,144,155808,买盘
1705,13:02:14,10.82,--,4,4328,买盘
1706,13:02:11,10.82,--,10,10820,买盘
1707,13:02:08,10.82,0.02,12,12984,买盘
1708,13:02:05,10.8,-0.03,56,61041,卖盘
1709,13:02:02,10.83,0.01,130,140790,买盘
1710,13:01:56,10.82,0.01,27,29214,买盘
1711,13:01:53,10.81,-0.01,10,10810,卖盘
1712,13:01:50,10.82,--,20,21640,买盘
1713,13:01:47,10.82,--,6,6492,买盘
1714,13:01:41,10.82,0.01,27,29214,买盘
1715,13:01:38,10.81,--,27,29187,卖盘
1716,13:01:35,10.81,-0.01,159,171879,卖盘
1717,13:01:32,10.82,-0.01,222,240745,卖盘
1718,13:01:29,10.83,--,1012,1095996,买盘
1719,13:01:26,10.83,0.01,267,289161,买盘
1720,13:01:20,10.82,--,535,578870,卖盘
1721,13:01:17,10.82,-0.01,10,10820,卖盘
1722,13:01:14,10.83,--,4,4332,买盘
1723,13:01:08,10.83,0.01,57,62272,买盘
1724,13:01:05,10.82,--,767,829894,买盘
1725,13:00:59,10.82,0.01,34,36788,买盘
1726,13:00:53,10.81,--,12,12972,卖盘
1727,13:00:50,10.81,-0.01,134,144854,卖盘
1728,13:00:47,10.82,--,1,1082,买盘
1729,13:00:44,10.82,0.03,145,157279,买盘
1730,13:00:38,10.79,-0.02,157,170093,卖盘
1731,13:00:35,10.81,--,159,171879,买盘
1732,13:00:32,10.81,--,176,190256,买盘
1733,13:00:26,10.81,0.01,3,3243,买盘
1734,13:00:20,10.8,--,17,18360,卖盘
1735,13:00:17,10.8,--,96,103680,卖盘
1736,13:00:11,10.8,--,18,19440,卖盘
1737,13:00:08,10.8,0.01,2159,2332540,买盘
1738,13:00:02,10.79,--,875,944664,买盘
1739,11:30:01,10.79,0.01,4,4316,买盘
1740,11:29:58,10.78,--,5,5390,卖盘
1741,11:29:55,10.78,-0.01,10,10780,卖盘
1742,11:29:40,10.79,0.01,6,6473,买盘
1743,11:29:37,10.78,-0.01,10,10780,卖盘
1744,11:29:34,10.79,--,2,2158,买盘
1745,11:29:25,10.79,0.01,2,2158,买盘
1746,11:29:22,10.78,--,10,10780,卖盘
1747,11:29:19,10.78,-0.01,30,32339,卖盘
1748,11:29:16,10.79,--,30,32369,买盘
1749,11:29:13,10.79,--,19,20501,买盘
1750,11:29:10,10.79,0.01,8,8632,买盘
1751,11:29:07,10.78,-0.01,20,21560,卖盘
1752,11:29:04,10.79,--,20,21580,买盘
1753,11:28:58,10.79,0.01,76,82004,买盘
1754,11:28:52,10.78,--,19,20482,卖盘
1755,11:28:49,10.78,-0.01,136,146608,卖盘
1756,11:28:46,10.79,--,54,58265,买盘
1757,11:28:43,10.79,0.01,8,8632,买盘
1758,11:28:40,10.78,--,10,10780,卖盘
1759,11:28:37,10.78,--,180,194040,卖盘
1760,11:28:31,10.78,-0.01,71,76538,卖盘
1761,11:28:28,10.79,--,55,59344,买盘
1762,11:28:22,10.79,0.01,26,28053,买盘
1763,11:28:19,10.78,-0.01,204,219912,卖盘
1764,11:28:16,10.79,0.01,5,5395,买盘
1765,11:28:13,10.78,-0.01,6,6468,卖盘
1766,11:28:10,10.79,0.01,43,46396,买盘
1767,11:28:07,10.78,--,10,10780,卖盘
1768,11:28:04,10.78,-0.01,5,5390,卖盘
1769,11:28:01,10.79,0.01,1,1079,买盘
1770,11:27:58,10.78,--,60,64679,卖盘
1771,11:27:52,10.78,-0.01,15,16169,卖盘
1772,11:27:49,10.79,--,30,32369,买盘
1773,11:27:46,10.79,--,146,157534,买盘
1774,11:27:43,10.79,--,14,15105,买盘
1775,11:27:40,10.79,0.01,59,63660,买盘
1776,11:27:37,10.78,-0.01,10,10780,卖盘
1777,11:27:31,10.79,-0.01,201,217526,卖盘
1778,11:27:22,10.8,0.01,40,43200,买盘
1779,11:27:19,10.79,--,42,45318,卖盘
1780,11:27:13,10.79,--,300,324131,卖盘
1781,11:27:10,10.79,--,18,19422,卖盘
1782,11:27:07,10.79,--,15,16184,卖盘
1783,11:27:04,10.79,--,108,116531,买盘
1784,11:27:01,10.79,--,1,1079,买盘
1785,11:26:58,10.79,--,42,45318,买盘
1786,11:26:52,10.79,--,64,69056,买盘
1787,11:26:49,10.79,--,78,84162,买盘
1788,11:26:46,10.79,--,5,5395,买盘
1789,11:26:43,10.79,--,48,51791,买盘
1790,11:26:40,10.79,0.01,14,15105,买盘
1791,11:26:37,10.78,-0.01,32,34496,卖盘
1792,11:26:31,10.79,--,105,113294,买盘
1793,11:26:28,10.79,0.01,50,53949,中性盘
1794,11:26:25,10.78,-0.01,182,196196,卖盘
1795,11:26:19,10.79,-0.01,21,22659,中性盘
1796,11:26:10,10.8,0.01,253,273240,买盘
1797,11:26:07,10.79,--,39,42081,买盘
1798,11:26:04,10.79,--,50,53949,买盘
1799,11:25:55,10.79,0.01,165,178035,买盘
1800,11:25:52,10.78,-0.01,91,98098,卖盘
1801,11:25:49,10.79,--,20,21580,买盘
1802,11:25:46,10.79,--,139,149981,买盘
1803,11:25:43,10.79,--,40,43160,买盘
1804,11:25:40,10.79,--,324,349596,买盘
1805,11:25:34,10.79,0.01,190,205009,买盘
1806,11:25:31,10.78,-0.01,7,7546,卖盘
1807,11:25:28,10.79,--,20,21580,买盘
1808,11:25:25,10.79,0.01,10,10790,买盘
1809,11:25:22,10.78,-0.01,27,29106,卖盘
1810,11:25:19,10.79,0.01,10,10790,买盘
1811,11:25:13,10.78,--,2,2156,卖盘
1812,11:25:10,10.78,-0.01,219,236082,中性盘
1813,11:25:01,10.79,0.01,1046,1128634,买盘
1814,11:24:58,10.78,0.01,134,144452,买盘
1815,11:24:55,10.77,-0.01,5,5385,卖盘
1816,11:24:52,10.78,--,30,32339,买盘
1817,11:24:43,10.78,--,12,12936,买盘
1818,11:24:40,10.78,0.01,64,68992,买盘
1819,11:24:37,10.77,--,66,71082,卖盘
1820,11:24:34,10.77,-0.01,1,1077,卖盘
1821,11:24:31,10.78,--,29,31261,买盘
1822,11:24:28,10.78,--,192,206976,买盘
1823,11:24:25,10.78,--,41,44198,买盘
1824,11:24:22,10.78,--,1,1078,买盘
1825,11:24:16,10.78,0.01,111,119658,买盘
1826,11:24:13,10.77,-0.01,78,84006,卖盘
1827,11:24:10,10.78,--,31,33418,买盘
1828,11:24:07,10.78,0.01,143,154154,买盘
1829,11:24:04,10.77,-0.01,197,212169,卖盘
1830,11:23:55,10.78,--,34,36652,买盘
1831,11:23:52,10.78,--,20,21560,买盘
1832,11:23:46,10.78,0.01,123,132594,买盘
1833,11:23:40,10.77,--,1,1077,卖盘
1834,11:23:37,10.77,-0.01,10,10770,卖盘
1835,11:23:34,10.78,--,16,17248,买盘
1836,11:23:25,10.78,--,10,10780,买盘
1837,11:23:22,10.78,--,15,16169,买盘
1838,11:23:19,10.78,--,20,21560,买盘
1839,11:23:16,10.78,--,2,2156,买盘
1840,11:23:10,10.78,--,36,38808,买盘
1841,11:23:04,10.78,--,20,21560,买盘
1842,11:23:01,10.78,0.02,9,9702,买盘
1843,11:22:55,10.76,--,10,10760,卖盘
1844,11:22:43,10.76,--,35,37660,买盘
1845,11:22:40,10.76,-0.01,13,13988,卖盘
1846,11:22:37,10.77,0.01,146,157242,买盘
1847,11:22:34,10.76,--,59,63484,买盘
1848,11:22:28,10.76,--,16,17216,买盘
1849,11:22:25,10.76,--,80,86080,卖盘
1850,11:22:22,10.76,--,69,74244,买盘
1851,11:22:19,10.76,--,91,97916,买盘
1852,11:22:16,10.76,--,18,19368,买盘
1853,11:22:13,10.76,--,6,6456,买盘
1854,11:22:10,10.76,--,21,22596,买盘
1855,11:22:07,10.76,-0.01,98,105448,卖盘
1856,11:22:01,10.77,0.01,181,194937,买盘
1857,11:21:55,10.76,--,42,45192,卖盘
1858,11:21:52,10.76,-0.01,90,96840,卖盘
1859,11:21:43,10.77,0.01,1,1077,买盘
1860,11:21:37,10.76,--,10,10760,卖盘
1861,11:21:24,10.76,0.01,14,15064,买盘
1862,11:21:21,10.75,-0.01,11,11825,卖盘
1863,11:21:18,10.76,--,58,62408,买盘
1864,11:21:15,10.76,--,75,80700,买盘
1865,11:21:12,10.76,0.01,131,140956,买盘
1866,11:21:06,10.75,-0.01,14,15050,卖盘
1867,11:21:03,10.76,--,7,7532,买盘
1868,11:21:00,10.76,--,229,246404,买盘
1869,11:20:54,10.76,0.02,311,334636,买盘
1870,11:20:51,10.74,-0.02,295,316830,卖盘
1871,11:20:48,10.76,0.01,25,26900,买盘
1872,11:20:45,10.75,--,5,5375,卖盘
1873,11:20:42,10.75,--,21,22575,卖盘
1874,11:20:39,10.75,-0.01,13,13975,卖盘
1875,11:20:33,10.76,0.01,104,111904,买盘
1876,11:20:27,10.75,-0.01,2,2150,卖盘
1877,11:20:24,10.76,0.02,31,33356,买盘
1878,11:20:21,10.74,-0.01,30,32220,卖盘
1879,11:20:18,10.75,-0.01,206,221450,中性盘
1880,11:20:15,10.76,0.01,57,61332,买盘
1881,11:20:09,10.75,0.01,8,8600,买盘
1882,11:20:06,10.74,-0.01,24,25776,卖盘
1883,11:20:03,10.75,--,10,10750,买盘
1884,11:19:57,10.75,--,174,187050,买盘
1885,11:19:54,10.75,0.01,80,86000,买盘
1886,11:19:51,10.74,-0.01,30,32220,卖盘
1887,11:19:48,10.75,--,68,73100,买盘
1888,11:19:45,10.75,0.01,22,23650,买盘
1889,11:19:42,10.74,0.01,634,680916,买盘
1890,11:19:39,10.73,0.01,18,19314,买盘
1891,11:19:36,10.72,-0.01,16,17152,卖盘
1892,11:19:30,10.73,--,3,3219,卖盘
1893,11:19:27,10.73,0.01,57,61161,买盘
1894,11:19:24,10.72,-0.01,10,10720,卖盘
1895,11:19:15,10.73,--,300,321900,卖盘
1896,11:19:12,10.73,0.01,125,134125,买盘
1897,11:19:09,10.72,-0.01,256,274432,卖盘
1898,11:19:06,10.73,--,160,171680,卖盘
1899,11:19:03,10.73,--,158,169534,买盘
1900,11:19:00,10.73,--,20,21460,买盘
1901,11:18:54,10.73,0.01,19,20387,买盘
1902,11:18:51,10.72,--,15,16080,卖盘
1903,11:18:42,10.72,--,20,21440,卖盘
1904,11:18:39,10.72,-0.01,10,10720,卖盘
1905,11:18:36,10.73,0.03,234,251082,买盘
1906,11:18:33,10.7,-0.03,855,915406,卖盘
1907,11:18:30,10.73,0.01,10,10730,买盘
1908,11:18:24,10.72,-0.01,27,28944,卖盘
1909,11:18:18,10.73,0.02,1,1073,买盘
1910,11:18:15,10.71,-0.01,446,477666,卖盘
1911,11:18:12,10.72,--,17,18224,卖盘
1912,11:18:09,10.72,-0.01,224,240128,卖盘
1913,11:18:03,10.73,0.01,26,27898,买盘
1914,11:17:51,10.72,--,10,10720,卖盘
1915,11:17:48,10.72,-0.02,2,2144,卖盘
1916,11:17:45,10.74,0.02,1,1074,买盘
1917,11:17:36,10.72,--,10,10720,卖盘
1918,11:17:33,10.72,-0.01,397,425584,卖盘
1919,11:17:27,10.73,-0.01,5,5365,卖盘
1920,11:17:24,10.74,0.01,40,42960,买盘
1921,11:17:21,10.73,-0.01,119,127687,卖盘
1922,11:17:18,10.74,--,10,10740,买盘
1923,11:17:12,10.74,--,151,162174,买盘
1924,11:17:09,10.74,--,141,151434,买盘
1925,11:17:06,10.74,--,23,24702,买盘
1926,11:16:57,10.74,--,1,1074,买盘
1927,11:16:51,10.74,--,147,157878,买盘
1928,11:16:48,10.74,0.01,20,21480,买盘
1929,11:16:42,10.73,-0.01,54,57942,卖盘
1930,11:16:39,10.74,--,6,6444,买盘
1931,11:16:36,10.74,--,40,42960,买盘
1932,11:16:33,10.74,--,191,205134,买盘
1933,11:16:30,10.74,--,49,52626,买盘
1934,11:16:27,10.74,--,25,26850,买盘
1935,11:16:21,10.74,--,40,42960,买盘
1936,11:16:15,10.74,--,19,20406,买盘
1937,11:16:12,10.74,0.01,14,15036,买盘
1938,11:16:09,10.73,-0.01,10,10730,卖盘
1939,11:16:06,10.74,--,48,51552,买盘
1940,11:16:03,10.74,0.01,4,4296,买盘
1941,11:16:00,10.73,-0.01,627,672771,卖盘
1942,11:15:57,10.74,--,25,26850,买盘
1943,11:15:54,10.74,--,29,31146,买盘
1944,11:15:48,10.74,--,20,21480,买盘
1945,11:15:45,10.74,0.01,15,16110,买盘
1946,11:15:42,10.73,-0.01,10,10730,卖盘
1947,11:15:39,10.74,--,42,45108,买盘
1948,11:15:36,10.74,0.01,158,169692,买盘
1949,11:15:33,10.73,-0.01,109,116957,卖盘
1950,11:15:30,10.74,--,19,20406,买盘
1951,11:15:27,10.74,0.01,6,6444,买盘
1952,11:15:21,10.73,--,22,23606,卖盘
1953,11:15:18,10.73,-0.01,18,19314,卖盘
1954,11:15:15,10.74,0.01,7,7518,买盘
1955,11:15:12,10.73,-0.01,17,18241,卖盘
1956,11:15:09,10.74,0.01,11,11814,买盘
1957,11:15:06,10.73,-0.01,37,39701,卖盘
1958,11:15:03,10.74,--,84,90216,买盘
1959,11:15:00,10.74,-0.01,68,73032,卖盘
1960,11:14:57,10.75,--,20,21500,买盘
1961,11:14:54,10.75,--,11,11825,买盘
1962,11:14:48,10.75,--,23,24725,买盘
1963,11:14:42,10.75,--,8,8600,买盘
1964,11:14:36,10.75,--,19,20425,买盘
1965,11:14:33,10.75,0.02,45,48375,买盘
1966,11:14:30,10.73,-0.01,205,219965,卖盘
1967,11:14:27,10.74,--,20,21480,卖盘
1968,11:14:24,10.74,--,66,70884,买盘
1969,11:14:21,10.74,--,14,15036,买盘
1970,11:14:18,10.74,-0.01,30,32220,买盘
1971,11:14:12,10.75,0.02,1,1075,买盘
1972,11:14:06,10.73,--,10,10730,卖盘
1973,11:14:03,10.73,--,10,10730,卖盘
1974,11:13:57,10.73,0.01,90,96570,买盘
1975,11:13:54,10.72,--,337,361264,买盘
1976,11:13:51,10.72,--,60,64320,买盘
1977,11:13:48,10.72,--,200,214400,买盘
1978,11:13:45,10.72,0.01,35,37520,买盘
1979,11:13:39,10.71,-0.01,10,10710,卖盘
1980,11:13:36,10.72,--,22,23584,买盘
1981,11:13:33,10.72,--,90,96480,买盘
1982,11:13:27,10.72,--,21,22512,买盘
1983,11:13:24,10.72,--,12,12864,买盘
1984,11:13:21,10.72,--,191,204752,买盘
1985,11:13:15,10.72,--,56,60032,卖盘
1986,11:13:12,10.72,--,271,290512,买盘
1987,11:13:09,10.72,0.01,46,49312,买盘
1988,11:13:06,10.71,-0.01,21,22491,卖盘
1989,11:12:57,10.72,--,11,11792,买盘
1990,11:12:54,10.72,0.01,212,227264,买盘
1991,11:12:51,10.71,-0.02,847,907137,卖盘
1992,11:12:48,10.73,--,424,454952,卖盘
1993,11:12:39,10.73,--,10,10730,卖盘
1994,11:12:24,10.73,--,14,15022,卖盘
1995,11:12:18,10.73,--,17,18241,卖盘
1996,11:12:15,10.73,0.01,136,145928,中性盘
1997,11:12:12,10.72,-0.01,427,457744,卖盘
1998,11:12:06,10.73,-0.01,29,31117,卖盘
1999,11:12:03,10.74,--,4,4296,买盘
2000,11:12:00,10.74,0.01,2,2148,买盘
2001,11:11:57,10.73,--,34,36482,卖盘
2002,11:11:51,10.73,-0.01,25,26825,卖盘
2003,11:11:45,10.74,--,12,12888,买盘
2004,11:11:39,10.74,0.01,71,76254,买盘
2005,11:11:36,10.73,-0.01,85,91205,卖盘
2006,11:11:33,10.74,0.01,17,18258,买盘
2007,11:11:27,10.73,--,30,32190,卖盘
2008,11:11:24,10.73,-0.01,10,10730,卖盘
2009,11:11:15,10.74,-0.01,126,135324,卖盘
2010,11:11:09,10.75,0.01,23,24725,买盘
2011,11:11:06,10.74,--,12,12888,卖盘
2012,11:11:03,10.74,--,10,10740,卖盘
2013,11:10:51,10.74,--,50,53700,买盘
2014,11:10:48,10.74,--,84,90216,卖盘
2015,11:10:39,10.74,--,14,15036,卖盘
2016,11:10:33,10.74,--,1,1074,卖盘
2017,11:10:30,10.74,0.02,6,6444,中性盘
2018,11:10:27,10.72,-0.03,436,467392,卖盘
2019,11:10:24,10.75,0.01,14,15050,买盘
2020,11:10:21,10.74,--,307,329718,买盘
2021,11:10:18,10.74,--,501,538074,买盘
2022,11:10:12,10.74,--,143,153582,买盘
2023,11:10:09,10.74,--,29,31146,买盘
2024,11:10:06,10.74,-0.01,10,10740,中性盘
2025,11:09:51,10.75,--,1129,1213675,买盘
2026,11:09:42,10.75,--,21,22575,买盘
2027,11:09:39,10.75,0.01,1,1075,买盘
2028,11:09:36,10.74,-0.01,10,10740,卖盘
2029,11:09:33,10.75,--,27,29025,买盘
2030,11:09:30,10.75,0.01,184,197800,买盘
2031,11:09:24,10.74,-0.01,434,466116,卖盘
2032,11:09:18,10.75,--,1,1075,买盘
2033,11:09:15,10.75,0.01,27,29025,买盘
2034,11:09:12,10.74,-0.01,21,22554,卖盘
2035,11:09:09,10.75,--,17,18275,买盘
2036,11:09:06,10.75,--,116,124700,买盘
2037,11:08:57,10.75,0.01,1,1075,买盘
2038,11:08:51,10.74,-0.01,12,12888,卖盘
2039,11:08:48,10.75,--,5,5375,买盘
2040,11:08:45,10.75,--,27,29025,买盘
2041,11:08:36,10.75,--,75,80625,买盘
2042,11:08:33,10.75,--,25,26875,买盘
2043,11:08:27,10.75,0.01,505,542875,买盘
2044,11:08:24,10.74,--,32,34368,卖盘
2045,11:08:21,10.74,-0.01,3,3222,卖盘
2046,11:08:15,10.75,0.01,1,1075,买盘
2047,11:08:09,10.74,--,22,23628,卖盘
2048,11:08:06,10.74,--,1,1074,卖盘
2049,11:08:03,10.74,--,505,542370,卖盘
2050,11:08:00,10.74,--,126,135324,卖盘
2051,11:07:57,10.74,-0.01,10,10740,卖盘
2052,11:07:48,10.75,--,3,3225,买盘
2053,11:07:45,10.75,--,21,22575,买盘
2054,11:07:39,10.75,0.01,5,5375,买盘
2055,11:07:36,10.74,--,95,102030,卖盘
2056,11:07:30,10.74,-0.01,16,17184,卖盘
2057,11:07:27,10.75,0.01,10,10750,买盘
2058,11:07:21,10.74,--,15,16110,卖盘
2059,11:07:18,10.74,-0.01,17,18258,卖盘
2060,11:07:15,10.75,0.01,26,27950,买盘
2061,11:07:12,10.74,--,20,21480,卖盘
2062,11:07:06,10.74,-0.01,45,48330,中性盘
2063,11:06:54,10.75,0.01,56,60200,买盘
2064,11:06:51,10.74,0.02,13,13962,中性盘
2065,11:06:48,10.72,-0.03,422,452384,卖盘
2066,11:06:42,10.75,0.02,50,53750,买盘
2067,11:06:39,10.73,-0.01,20,21460,卖盘
2068,11:06:36,10.74,-0.01,2,2148,卖盘
2069,11:06:33,10.75,--,22,23650,买盘
2070,11:06:27,10.75,--,6,6450,买盘
2071,11:06:24,10.75,0.01,28,30100,买盘
2072,11:06:21,10.74,-0.01,755,810870,卖盘
2073,11:06:18,10.75,--,20,21500,买盘
2074,11:06:12,10.75,--,137,147275,买盘
2075,11:06:09,10.75,--,536,576200,买盘
2076,11:06:06,10.75,--,7,7525,买盘
2077,11:06:03,10.75,--,83,89225,买盘
2078,11:06:00,10.75,-0.02,2168,2330600,卖盘
2079,11:05:57,10.77,0.01,20,21540,买盘
2080,11:05:54,10.76,--,10,10760,卖盘
2081,11:05:48,10.76,-0.01,25,26900,卖盘
2082,11:05:45,10.77,-0.01,261,281097,卖盘
2083,11:05:42,10.78,0.02,308,332024,买盘
2084,11:05:39,10.76,-0.01,30,32280,卖盘
2085,11:05:33,10.77,--,22,23694,买盘
2086,11:05:27,10.77,0.01,1,1077,中性盘
2087,11:05:21,10.76,--,52,55952,卖盘
2088,11:05:15,10.76,-0.02,195,209820,卖盘
2089,11:05:12,10.78,--,128,137984,买盘
2090,11:05:09,10.78,--,121,130437,买盘
2091,11:05:03,10.78,--,100,107800,买盘
2092,11:05:00,10.78,0.01,50,53900,买盘
2093,11:04:51,10.77,-0.01,39,42003,卖盘
2094,11:04:48,10.78,--,10,10780,买盘
2095,11:04:45,10.78,--,6,6468,买盘
2096,11:04:42,10.78,0.01,5,5390,买盘
2097,11:04:39,10.77,-0.01,10,10770,卖盘
2098,11:04:36,10.78,0.02,4,4312,买盘
2099,11:04:33,10.76,-0.03,53,57028,卖盘
2100,11:04:30,10.79,0.01,106,114373,买盘
2101,11:04:27,10.78,0.02,109,117502,买盘
2102,11:04:24,10.76,-0.02,19,20444,卖盘
2103,11:04:21,10.78,--,144,155232,卖盘
2104,11:04:18,10.78,0.01,52,56056,中性盘
2105,11:04:12,10.77,-0.02,60,64620,卖盘
2106,11:04:09,10.79,0.01,94,101425,买盘
2107,11:04:06,10.78,--,37,39886,卖盘
2108,11:04:00,10.78,--,206,222068,卖盘
2109,11:03:57,10.78,--,10,10780,卖盘
2110,11:03:54,10.78,0.01,8,8624,中性盘
2111,11:03:51,10.77,-0.01,14,15078,卖盘
2112,11:03:45,10.78,--,205,220990,买盘
2113,11:03:42,10.78,-0.01,79,85162,中性盘
2114,11:03:36,10.79,0.01,142,153218,买盘
2115,11:03:33,10.78,-0.01,10,10780,卖盘
2116,11:03:30,10.79,--,25,26974,买盘
2117,11:03:27,10.79,--,74,79846,买盘
2118,11:03:24,10.79,0.02,123,132717,买盘
2119,11:03:21,10.77,-0.02,138,148626,卖盘
2120,11:03:12,10.79,0.02,12,12947,买盘
2121,11:03:09,10.77,-0.01,691,744207,卖盘
2122,11:03:03,10.78,--,45,48510,买盘
2123,11:02:57,10.78,--,24,25872,买盘
2124,11:02:54,10.78,--,81,87318,买盘
2125,11:02:51,10.78,0.01,33,35574,买盘
2126,11:02:48,10.77,-0.01,35,37695,卖盘
2127,11:02:45,10.78,--,11,11858,买盘
2128,11:02:39,10.78,0.01,162,174636,买盘
2129,11:02:36,10.77,-0.01,66,71082,卖盘
2130,11:02:33,10.78,-0.01,61,65758,卖盘
2131,11:02:30,10.79,--,10,10790,买盘
2132,11:02:24,10.79,--,58,62581,买盘
2133,11:02:21,10.79,--,22,23737,买盘
2134,11:02:18,10.79,--,170,183430,买盘
2135,11:02:15,10.79,--,121,130558,买盘
2136,11:02:12,10.79,--,30,32369,买盘
2137,11:02:09,10.79,--,11,11868,买盘
2138,11:02:06,10.79,--,998,1077791,买盘
2139,11:02:03,10.79,0.01,4,4316,买盘
2140,11:02:00,10.78,--,14,15092,卖盘
2141,11:01:54,10.78,--,167,180155,买盘
2142,11:01:51,10.78,0.01,395,425810,买盘
2143,11:01:48,10.77,-0.01,160,172320,卖盘
2144,11:01:42,10.78,0.01,122,131516,买盘
2145,11:01:39,10.77,--,111,119547,卖盘
2146,11:01:36,10.77,--,10,10770,卖盘
2147,11:01:33,10.77,-0.01,5,5385,卖盘
2148,11:01:27,10.78,0.01,186,200508,买盘
2149,11:01:24,10.77,--,123,132471,卖盘
2150,11:01:21,10.77,-0.01,97,104469,卖盘
2151,11:01:18,10.78,0.01,79,85162,买盘
2152,11:01:15,10.77,--,54,58158,买盘
2153,11:01:12,10.77,--,210,226170,买盘
2154,11:01:09,10.77,--,81,87237,买盘
2155,11:01:06,10.77,--,176,189552,卖盘
2156,11:01:03,10.77,--,13,14001,卖盘
2157,11:00:57,10.77,--,16,17232,买盘
2158,11:00:53,10.77,0.01,234,252018,买盘
2159,11:00:41,10.76,--,516,555216,买盘
2160,11:00:38,10.76,0.01,476,512176,买盘
2161,11:00:35,10.75,--,175,188125,买盘
2162,11:00:32,10.75,--,105,112875,买盘
2163,11:00:29,10.75,0.01,20,21500,买盘
2164,11:00:23,10.74,--,62,66588,卖盘
2165,11:00:20,10.74,--,158,169692,买盘
2166,11:00:11,10.74,--,33,35442,买盘
2167,11:00:08,10.74,0.01,446,479004,买盘
2168,11:00:02,10.73,--,169,181337,买盘
2169,10:59:59,10.73,0.01,778,834794,买盘
2170,10:59:56,10.72,--,2,2144,卖盘
2171,10:59:53,10.72,--,10,10720,卖盘
2172,10:59:50,10.72,--,53,56816,卖盘
2173,10:59:47,10.72,--,7,7504,卖盘
2174,10:59:44,10.72,--,5,5360,卖盘
2175,10:59:41,10.72,--,5,5360,卖盘
2176,10:59:38,10.72,0.01,10,10720,卖盘
2177,10:59:32,10.71,-0.01,150,160650,卖盘
2178,10:59:29,10.72,-0.01,10,10720,中性盘
2179,10:59:23,10.73,0.02,103,110519,买盘
2180,10:59:20,10.71,--,58,62118,卖盘
2181,10:59:08,10.71,-0.02,28,29988,卖盘
2182,10:59:05,10.73,--,139,149147,买盘
2183,10:59:02,10.73,--,52,55796,买盘
2184,10:58:59,10.73,--,50,53650,买盘
2185,10:58:56,10.73,0.02,50,53650,买盘
2186,10:58:53,10.71,0.01,150,160650,卖盘
2187,10:58:50,10.7,-0.01,40,42800,卖盘
2188,10:58:44,10.71,--,972,1041012,买盘
2189,10:58:41,10.71,0.01,120,128520,买盘
2190,10:58:38,10.7,-0.01,10,10700,卖盘
2191,10:58:35,10.71,--,29,31059,买盘
2192,10:58:32,10.71,--,65,69615,买盘
2193,10:58:26,10.71,--,31,33201,买盘
2194,10:58:23,10.71,--,619,662949,买盘
2195,10:58:14,10.71,--,331,354501,买盘
2196,10:58:11,10.71,0.01,1,1071,买盘
2197,10:58:05,10.7,--,10,10700,卖盘
2198,10:57:56,10.7,--,4,4280,卖盘
2199,10:57:53,10.7,--,11,11770,卖盘
2200,10:57:50,10.7,--,5,5350,卖盘
2201,10:57:47,10.7,-0.01,255,272850,卖盘
2202,10:57:44,10.71,--,18,19278,买盘
2203,10:57:41,10.71,0.01,145,155295,买盘
2204,10:57:38,10.7,--,246,263220,卖盘
2205,10:57:35,10.7,-0.01,1,1070,卖盘
2206,10:57:29,10.71,-0.02,52,55692,卖盘
2207,10:57:26,10.73,0.03,11,11803,买盘
2208,10:57:23,10.7,-0.03,74,79180,卖盘
2209,10:57:20,10.73,--,132,141636,买盘
2210,10:57:14,10.73,0.02,52,55796,买盘
2211,10:57:11,10.71,-0.02,1166,1248786,卖盘
2212,10:57:08,10.73,0.02,12,12876,买盘
2213,10:57:05,10.71,-0.02,26,27846,卖盘
2214,10:57:02,10.73,--,52,55796,买盘
2215,10:56:56,10.73,--,12,12876,买盘
2216,10:56:53,10.73,0.02,1,1073,买盘
2217,10:56:50,10.71,-0.02,60,64260,卖盘
2218,10:56:47,10.73,--,3160,3390680,买盘
2219,10:56:44,10.73,--,40,42920,买盘
2220,10:56:41,10.73,--,13,13949,买盘
2221,10:56:38,10.73,--,15,16095,买盘
2222,10:56:35,10.73,--,100,107300,买盘
2223,10:56:29,10.73,--,30,32190,买盘
2224,10:56:26,10.73,--,77,82621,买盘
2225,10:56:23,10.73,--,275,295075,买盘
2226,10:56:11,10.73,-0.01,7,7511,中性盘
2227,10:56:05,10.74,--,282,302868,买盘
2228,10:56:02,10.74,0.01,29,31146,买盘
2229,10:55:59,10.73,0.01,1,1073,中性盘
2230,10:55:50,10.72,-0.01,75,80400,卖盘
2231,10:55:38,10.73,--,581,623413,买盘
2232,10:55:35,10.73,--,67,71891,买盘
2233,10:55:32,10.73,--,26,27898,买盘
2234,10:55:29,10.73,--,27,28971,买盘
2235,10:55:26,10.73,0.01,97,104081,买盘
2236,10:55:23,10.72,-0.01,21,22512,卖盘
2237,10:55:20,10.73,0.01,10,10730,买盘
2238,10:55:17,10.72,-0.01,46,49312,卖盘
2239,10:55:14,10.73,--,109,116957,买盘
2240,10:55:11,10.73,0.01,27,28971,买盘
2241,10:55:08,10.72,-0.01,11,11792,卖盘
2242,10:55:02,10.73,--,154,165242,买盘
2243,10:54:56,10.73,0.02,23,24679,买盘
2244,10:54:50,10.71,-0.01,10,10710,卖盘
2245,10:54:41,10.72,0.01,25,26800,买盘
2246,10:54:38,10.71,--,45,48195,卖盘
2247,10:54:35,10.71,--,30,32130,卖盘
2248,10:54:32,10.71,--,277,296667,买盘
2249,10:54:29,10.71,--,10,10710,买盘
2250,10:54:26,10.71,--,698,747558,买盘
2251,10:54:23,10.71,0.01,65,69615,买盘
2252,10:54:20,10.7,-0.01,25,26750,卖盘
2253,10:54:17,10.71,--,82,88293,买盘
2254,10:54:14,10.71,--,18,19278,买盘
2255,10:54:11,10.71,0.01,4,4284,买盘
2256,10:54:08,10.7,-0.01,17,18190,卖盘
2257,10:54:05,10.71,0.01,4,4284,买盘
2258,10:54:02,10.7,-0.03,21,22470,卖盘
2259,10:53:59,10.73,0.02,148,158804,买盘
2260,10:53:56,10.71,0.01,15,16065,买盘
2261,10:53:53,10.7,--,10,10700,卖盘
2262,10:53:47,10.7,0.01,215,230049,买盘
2263,10:53:44,10.69,-0.01,66,70554,卖盘
2264,10:53:41,10.7,--,16,17120,买盘
2265,10:53:38,10.7,0.01,31,33170,买盘
2266,10:53:35,10.69,-0.02,30,32070,卖盘
2267,10:53:32,10.71,0.01,44,47124,买盘
2268,10:53:29,10.7,0.01,5,5350,中性盘
2269,10:53:23,10.69,-0.02,300,320700,卖盘
2270,10:53:20,10.71,0.01,22,23562,买盘
2271,10:53:17,10.7,--,112,119839,卖盘
2272,10:53:14,10.7,-0.01,5,5350,卖盘
2273,10:53:11,10.71,--,12,12852,买盘
2274,10:53:08,10.71,0.01,263,281673,买盘
2275,10:53:05,10.7,--,5,5350,卖盘
2276,10:53:02,10.7,--,30,32099,卖盘
2277,10:52:59,10.7,--,10,10700,卖盘
2278,10:52:56,10.7,--,23,24610,卖盘
2279,10:52:53,10.7,0.01,14,14979,买盘
2280,10:52:50,10.69,--,79,84451,卖盘
2281,10:52:47,10.69,-0.01,320,342080,卖盘
2282,10:52:38,10.7,0.01,112,119839,买盘
2283,10:52:35,10.69,-0.01,75,80175,卖盘
2284,10:52:32,10.7,0.01,21,22470,买盘
2285,10:52:29,10.69,--,5,5345,卖盘
2286,10:52:26,10.69,-0.01,23,25100,卖盘
2287,10:52:23,10.7,--,222,237539,买盘
2288,10:52:20,10.7,--,1,1070,买盘
2289,10:52:17,10.7,--,166,177620,买盘
2290,10:52:14,10.7,--,22,23540,买盘
2291,10:52:11,10.7,--,1,1070,买盘
2292,10:52:08,10.7,0.01,106,113419,买盘
2293,10:52:05,10.69,--,132,141108,买盘
2294,10:52:02,10.69,0.01,47,50243,买盘
2295,10:51:59,10.68,--,216,230688,买盘
2296,10:51:53,10.68,0.01,230,245640,卖盘
2297,10:51:50,10.67,-0.02,50,53350,卖盘
2298,10:51:47,10.69,0.02,211,225559,买盘
2299,10:51:41,10.67,-0.01,218,232819,卖盘
2300,10:51:38,10.68,--,60,64080,卖盘
2301,10:51:35,10.68,--,40,42720,买盘
2302,10:51:29,10.68,--,31,33108,买盘
2303,10:51:26,10.68,--,452,482736,买盘
2304,10:51:23,10.68,--,13,13884,买盘
2305,10:51:20,10.68,--,4,4272,买盘
2306,10:51:17,10.68,--,5,5340,买盘
2307,10:51:14,10.68,--,30,32040,买盘
2308,10:51:11,10.68,0.02,20,21360,买盘
2309,10:51:08,10.66,-0.02,99,105534,卖盘
2310,10:51:05,10.68,0.01,413,441084,买盘
2311,10:51:02,10.67,0.01,326,347842,买盘
2312,10:50:59,10.66,--,46,49036,买盘
2313,10:50:56,10.66,--,200,213200,买盘
2314,10:50:53,10.66,--,103,109798,买盘
2315,10:50:50,10.66,-0.02,223,237718,卖盘
2316,10:50:47,10.68,0.01,119,127092,买盘
2317,10:50:44,10.67,--,3,3201,卖盘
2318,10:50:41,10.67,0.01,18,19206,中性盘
2319,10:50:38,10.66,-0.02,320,341120,卖盘
2320,10:50:35,10.68,0.02,526,561768,买盘
2321,10:50:29,10.66,--,40,42640,卖盘
2322,10:50:26,10.66,-0.01,543,578838,卖盘
2323,10:50:20,10.67,-0.01,56,59752,卖盘
2324,10:50:17,10.68,--,84,89712,买盘
2325,10:50:11,10.68,0.01,105,112140,买盘
2326,10:50:08,10.67,--,114,121638,卖盘
2327,10:50:05,10.67,--,50,53350,卖盘
2328,10:50:02,10.67,--,20,21340,卖盘
2329,10:49:56,10.67,-0.01,12,12804,卖盘
2330,10:49:53,10.68,0.01,40,42720,买盘
2331,10:49:50,10.67,--,43,45881,买盘
2332,10:49:47,10.67,--,82,87494,买盘
2333,10:49:44,10.67,--,312,332904,卖盘
2334,10:49:41,10.67,--,9,9603,买盘
2335,10:49:38,10.67,--,301,321167,买盘
2336,10:49:35,10.67,0.01,149,158983,买盘
2337,10:49:32,10.66,-0.01,5,5330,卖盘
2338,10:49:29,10.67,0.01,8,8536,买盘
2339,10:49:26,10.66,--,2,2132,卖盘
2340,10:49:23,10.66,0.01,23,24518,中性盘
2341,10:49:20,10.65,-0.01,70,74550,卖盘
2342,10:49:17,10.66,--,239,254774,买盘
2343,10:49:11,10.66,-0.01,55,58630,卖盘
2344,10:49:08,10.67,0.02,1,1067,买盘
2345,10:49:05,10.65,--,110,117150,卖盘
2346,10:49:02,10.65,-0.02,211,224928,卖盘
2347,10:48:59,10.67,0.02,5,5335,买盘
2348,10:48:56,10.65,--,55,58575,卖盘
2349,10:48:53,10.65,--,440,468600,卖盘
2350,10:48:50,10.65,--,9,10011,买盘
2351,10:48:47,10.65,--,111,118215,买盘
2352,10:48:44,10.65,--,246,261990,买盘
2353,10:48:41,10.65,--,13,13845,买盘
2354,10:48:38,10.65,--,45,47925,买盘
2355,10:48:35,10.65,--,2474,2634810,买盘
2356,10:48:32,10.65,--,27,28755,买盘
2357,10:48:26,10.65,--,307,326955,买盘
2358,10:48:23,10.65,--,10,10650,买盘
2359,10:48:20,10.65,--,160,170400,买盘
2360,10:48:17,10.65,-0.04,3658,3896409,卖盘
2361,10:48:14,10.69,-0.01,1,1069,买盘
2362,10:48:11,10.7,--,17,18190,买盘
2363,10:48:08,10.7,--,425,454749,买盘
2364,10:48:02,10.7,--,24,25680,卖盘
2365,10:47:56,10.7,--,32,34240,卖盘
2366,10:47:53,10.7,0.01,21,22470,买盘
2367,10:47:50,10.69,-0.01,20,21380,卖盘
2368,10:47:47,10.7,-0.01,469,501829,卖盘
2369,10:47:44,10.71,--,3,3213,买盘
2370,10:47:41,10.71,--,3,3213,卖盘
2371,10:47:38,10.71,--,10,10710,卖盘
2372,10:47:32,10.71,-0.01,8,8568,卖盘
2373,10:47:29,10.72,--,20,21440,买盘
2374,10:47:26,10.72,--,105,112560,买盘
2375,10:47:23,10.72,0.01,341,365552,买盘
2376,10:47:20,10.71,--,1,1071,卖盘
2377,10:47:17,10.71,--,55,58905,卖盘
2378,10:47:14,10.71,--,250,267750,买盘
2379,10:47:08,10.71,0.01,372,398412,买盘
2380,10:47:05,10.7,--,250,267500,卖盘
2381,10:47:02,10.7,-0.01,12,12840,卖盘
2382,10:46:59,10.71,-0.01,15,16065,买盘
2383,10:46:53,10.72,0.02,277,296944,买盘
2384,10:46:50,10.7,-0.01,28,29959,卖盘
2385,10:46:47,10.71,--,2,2142,买盘
2386,10:46:41,10.71,--,10,10710,买盘
2387,10:46:38,10.71,--,44,47124,买盘
2388,10:46:35,10.71,--,176,188496,卖盘
2389,10:46:32,10.71,-0.01,51,54621,卖盘
2390,10:46:29,10.72,--,40,42880,买盘
2391,10:46:26,10.72,--,443,474896,买盘
2392,10:46:20,10.72,--,12,12864,买盘
2393,10:46:17,10.72,-0.01,73,78256,卖盘
2394,10:46:14,10.73,0.01,3,3219,买盘
2395,10:46:11,10.72,-0.01,30,32160,卖盘
2396,10:46:08,10.73,--,152,163096,买盘
2397,10:46:05,10.73,--,1,1073,买盘
2398,10:45:59,10.73,--,60,64380,买盘
2399,10:45:56,10.73,-0.01,80,86827,卖盘
2400,10:45:53,10.74,0.01,123,132102,买盘
2401,10:45:44,10.73,-0.01,15,16095,卖盘
2402,10:45:41,10.74,0.01,17,18258,买盘
2403,10:45:38,10.73,--,20,21460,卖盘
2404,10:45:35,10.73,-0.01,20,21460,卖盘
2405,10:45:32,10.74,--,4,4296,买盘
2406,10:45:26,10.74,0.01,57,61218,买盘
2407,10:45:23,10.73,--,889,953982,卖盘
2408,10:45:20,10.73,--,1,1073,卖盘
2409,10:45:17,10.73,0.01,105,112665,买盘
2410,10:45:14,10.72,-0.01,33,35376,卖盘
2411,10:45:11,10.73,0.01,16,17168,买盘
2412,10:45:08,10.72,-0.01,111,118992,卖盘
2413,10:45:05,10.73,0.01,4,4292,买盘
2414,10:45:02,10.72,--,47,50384,卖盘
2415,10:44:59,10.72,--,60,64320,卖盘
2416,10:44:56,10.72,0.01,63,67536,买盘
2417,10:44:53,10.71,0.01,12,12852,卖盘
2418,10:44:50,10.7,-0.02,50,53500,卖盘
2419,10:44:47,10.72,0.02,37,39664,中性盘
2420,10:44:41,10.7,--,10,10700,卖盘
2421,10:44:35,10.7,--,107,114489,买盘
2422,10:44:29,10.7,--,9,9630,买盘
2423,10:44:26,10.7,--,420,449399,买盘
2424,10:44:23,10.7,--,66,70620,买盘
2425,10:44:20,10.7,0.01,5,5350,买盘
2426,10:44:17,10.69,-0.01,113,120797,卖盘
2427,10:44:14,10.7,0.01,292,312440,买盘
2428,10:44:11,10.69,-0.01,6,6414,卖盘
2429,10:44:08,10.7,0.01,376,402320,买盘
2430,10:44:05,10.69,-0.01,5,5345,卖盘
2431,10:43:59,10.7,0.01,99,105930,买盘
2432,10:43:56,10.69,--,8,8552,卖盘
2433,10:43:53,10.69,--,59,63071,卖盘
2434,10:43:50,10.69,--,69,73761,卖盘
2435,10:43:47,10.69,--,43,45967,卖盘
2436,10:43:41,10.69,--,947,1012343,买盘
2437,10:43:38,10.69,0.01,615,657435,买盘
2438,10:43:35,10.68,--,32,34176,卖盘
2439,10:43:32,10.68,-0.01,213,227484,卖盘
2440,10:43:26,10.69,--,202,215938,买盘
2441,10:43:23,10.69,0.01,362,386978,买盘
2442,10:43:20,10.68,--,13,13884,卖盘
2443,10:43:17,10.68,--,5,5340,卖盘
2444,10:43:14,10.68,-0.01,4,4272,卖盘
2445,10:43:11,10.69,0.01,130,138970,买盘
2446,10:43:08,10.68,-0.01,32,34176,卖盘
2447,10:43:05,10.69,--,35,37415,买盘
2448,10:43:02,10.69,0.01,427,456463,买盘
2449,10:42:59,10.68,-0.01,162,173016,卖盘
2450,10:42:56,10.69,0.01,119,127211,买盘
2451,10:42:50,10.68,-0.01,52,55536,卖盘
2452,10:42:47,10.69,0.02,572,611639,买盘
2453,10:42:44,10.67,--,258,275286,卖盘
2454,10:42:41,10.67,--,554,591118,卖盘
2455,10:42:38,10.67,-0.01,61,65087,卖盘
2456,10:42:35,10.68,--,61,65148,买盘
2457,10:42:32,10.68,0.01,141,150588,买盘
2458,10:42:29,10.67,--,800,853600,卖盘
2459,10:42:23,10.67,--,676,721377,买盘
2460,10:42:17,10.67,--,1221,1302977,买盘
2461,10:42:11,10.67,0.01,412,439604,买盘
2462,10:42:08,10.66,-0.01,81,86346,卖盘
2463,10:42:05,10.67,0.01,491,523897,买盘
2464,10:42:02,10.66,--,277,295282,卖盘
2465,10:41:59,10.66,-0.01,370,394420,卖盘
2466,10:41:56,10.67,0.01,183,195261,买盘
2467,10:41:53,10.66,--,211,224926,卖盘
2468,10:41:50,10.66,-0.01,107,114062,卖盘
2469,10:41:47,10.67,--,82,87494,买盘
2470,10:41:44,10.67,--,154,164318,买盘
2471,10:41:41,10.67,--,105,112035,买盘
2472,10:41:38,10.67,--,48,51216,买盘
2473,10:41:35,10.67,--,75,80025,买盘
2474,10:41:32,10.67,--,49,52283,买盘
2475,10:41:29,10.67,--,728,776776,卖盘
2476,10:41:23,10.67,-0.01,128,136576,卖盘
2477,10:41:20,10.68,0.01,130,138840,买盘
2478,10:41:17,10.67,-0.01,91,97097,卖盘
2479,10:41:14,10.68,0.01,271,289428,买盘
2480,10:41:08,10.67,--,51,54417,卖盘
2481,10:41:05,10.67,--,76,81092,卖盘
2482,10:41:02,10.67,-0.01,35,37345,卖盘
2483,10:40:59,10.68,0.02,186,198648,买盘
2484,10:40:56,10.66,-0.02,480,511680,卖盘
2485,10:40:50,10.68,--,116,123888,买盘
2486,10:40:47,10.68,--,299,319332,卖盘
2487,10:40:41,10.68,-0.01,61,65148,卖盘
2488,10:40:38,10.69,0.01,200,213800,买盘
2489,10:40:35,10.68,-0.01,359,383412,卖盘
2490,10:40:32,10.69,-0.01,790,844510,卖盘
2491,10:40:29,10.7,--,27,28889,买盘
2492,10:40:25,10.7,--,10,10700,买盘
2493,10:40:22,10.7,--,204,218280,买盘
2494,10:40:19,10.7,--,238,254659,买盘
2495,10:40:16,10.7,-0.03,9070,9705370,卖盘
2496,10:40:13,10.73,--,214,229622,卖盘
2497,10:40:10,10.73,--,81,86913,卖盘
2498,10:40:07,10.73,-0.01,97,104081,卖盘
2499,10:40:04,10.74,0.01,811,871615,中性盘
2500,10:39:58,10.73,-0.01,519,556887,卖盘
2501,10:39:55,10.74,0.01,554,594996,买盘
2502,10:39:52,10.73,--,89,95497,卖盘
2503,10:39:49,10.73,-0.01,44,47426,卖盘
2504,10:39:46,10.74,--,272,292128,卖盘
2505,10:39:43,10.74,--,83,89142,卖盘
2506,10:39:40,10.74,-0.01,644,691656,卖盘
2507,10:39:37,10.75,0.01,16,17200,买盘
2508,10:39:34,10.74,--,106,113844,卖盘
2509,10:39:31,10.74,--,101,108474,卖盘
2510,10:39:28,10.74,-0.01,19,20406,卖盘
2511,10:39:25,10.75,0.01,58,62350,买盘
2512,10:39:22,10.74,-0.01,91,97734,卖盘
2513,10:39:16,10.75,0.01,10,10750,买盘
2514,10:39:13,10.74,-0.01,82,88068,卖盘
2515,10:39:10,10.75,-0.01,2179,2343371,卖盘
2516,10:39:07,10.76,-0.01,35,37660,卖盘
2517,10:39:04,10.77,--,54,58158,买盘
2518,10:39:01,10.77,--,98,105546,买盘
2519,10:38:58,10.77,-0.02,316,340762,卖盘
2520,10:38:55,10.79,0.02,44,47475,买盘
2521,10:38:52,10.77,--,12,12924,卖盘
2522,10:38:46,10.77,-0.02,86,92622,卖盘
2523,10:38:37,10.79,0.01,183,197456,买盘
2524,10:38:28,10.78,0.01,88,94864,买盘
2525,10:38:22,10.77,-0.01,35,37695,卖盘
2526,10:38:19,10.78,--,4,4312,卖盘
2527,10:38:16,10.78,--,81,87318,卖盘
2528,10:38:13,10.78,--,19,20482,买盘
2529,10:38:10,10.78,0.01,40,43120,中性盘
2530,10:38:07,10.77,--,12,12924,卖盘
2531,10:38:04,10.77,--,76,81852,卖盘
2532,10:37:58,10.77,--,558,600966,卖盘
2533,10:37:55,10.77,--,127,136779,卖盘
2534,10:37:49,10.77,--,28,30156,卖盘
2535,10:37:40,10.77,--,71,76467,卖盘
2536,10:37:34,10.77,-0.02,10,10770,卖盘
2537,10:37:31,10.79,--,89,96030,买盘
2538,10:37:25,10.79,0.02,29,31290,买盘
2539,10:37:22,10.77,--,10,10770,卖盘
2540,10:37:16,10.77,--,82,88314,卖盘
2541,10:37:13,10.77,-0.02,11,11847,卖盘
2542,10:37:10,10.79,0.02,72,77688,买盘
2543,10:37:07,10.77,-0.02,11,11847,卖盘
2544,10:37:04,10.79,0.01,46,49633,买盘
2545,10:37:01,10.78,0.01,5,5390,中性盘
2546,10:36:58,10.77,-0.01,153,164781,卖盘
2547,10:36:52,10.78,--,40,43120,卖盘
2548,10:36:49,10.78,--,5,5390,卖盘
2549,10:36:46,10.78,-0.01,132,142296,卖盘
2550,10:36:43,10.79,0.01,16,17264,买盘
2551,10:36:40,10.78,--,10,10780,卖盘
2552,10:36:37,10.78,-0.01,71,76538,卖盘
2553,10:36:34,10.79,0.01,37,39923,买盘
2554,10:36:28,10.78,-0.01,5,5390,卖盘
2555,10:36:25,10.79,--,85,91715,买盘
2556,10:36:22,10.79,0.01,30,32369,买盘
2557,10:36:19,10.78,--,23,24794,卖盘
2558,10:36:13,10.78,--,102,109956,买盘
2559,10:36:10,10.78,--,30,32339,买盘
2560,10:36:07,10.78,-0.01,21,22638,中性盘
2561,10:36:04,10.79,0.02,86,92793,买盘
2562,10:35:58,10.77,-0.02,20,21540,卖盘
2563,10:35:52,10.79,--,135,145665,买盘
2564,10:35:49,10.79,--,5,5395,买盘
2565,10:35:46,10.79,0.01,2,2158,买盘
2566,10:35:43,10.78,0.01,20,21560,卖盘
2567,10:35:40,10.77,-0.01,74,79698,卖盘
2568,10:35:37,10.78,--,14,15092,卖盘
2569,10:35:31,10.78,-0.01,79,85162,卖盘
2570,10:35:28,10.79,0.02,22,23737,买盘
2571,10:35:25,10.77,-0.02,10,10770,卖盘
2572,10:35:19,10.79,0.02,101,108978,买盘
2573,10:35:13,10.77,-0.02,1,1077,卖盘
2574,10:35:10,10.79,0.02,2,2158,买盘
2575,10:35:07,10.77,-0.02,757,815289,卖盘
2576,10:35:04,10.79,0.02,50,53949,买盘
2577,10:34:58,10.77,-0.03,79,85083,卖盘
2578,10:34:52,10.8,--,58,62640,买盘
2579,10:34:49,10.8,0.03,216,233280,买盘
2580,10:34:46,10.77,-0.03,84,90468,卖盘
2581,10:34:43,10.8,--,5,5400,买盘
2582,10:34:40,10.8,--,51,55080,买盘
2583,10:34:37,10.8,--,258,278640,买盘
2584,10:34:34,10.8,0.03,36,38880,买盘
2585,10:34:31,10.77,--,336,362195,卖盘
2586,10:34:25,10.77,-0.02,90,96930,卖盘
2587,10:34:22,10.79,0.02,55,59344,买盘
2588,10:34:16,10.77,--,60,64620,卖盘
2589,10:34:10,10.77,-0.01,78,84006,卖盘
2590,10:34:07,10.78,0.01,10,10780,卖盘
2591,10:34:01,10.77,-0.03,74,79698,卖盘
2592,10:33:58,10.8,0.02,40,43200,买盘
2593,10:33:55,10.78,--,91,98098,买盘
2594,10:33:52,10.78,0.01,19,20482,中性盘
2595,10:33:49,10.77,-0.01,79,85083,卖盘
2596,10:33:43,10.78,-0.02,5,5390,中性盘
2597,10:33:40,10.8,0.02,84,90720,买盘
2598,10:33:37,10.78,0.01,48,51744,中性盘
2599,10:33:31,10.77,-0.01,305,328808,卖盘
2600,10:33:28,10.78,-0.02,107,115346,卖盘
2601,10:33:25,10.8,0.03,23,24840,买盘
2602,10:33:22,10.77,--,15,16155,卖盘
2603,10:33:19,10.77,--,71,76467,卖盘
2604,10:33:16,10.77,-0.03,6,6462,卖盘
2605,10:33:10,10.8,0.03,21,22680,买盘
2606,10:33:07,10.77,-0.05,811,873447,卖盘
2607,10:33:01,10.82,0.05,6,6492,中性盘
2608,10:32:55,10.77,--,74,79698,卖盘
2609,10:32:52,10.77,-0.07,10,10770,卖盘
2610,10:32:46,10.84,0.07,5001,5421084,买盘
2611,10:32:43,10.77,-0.01,80,86160,卖盘
2612,10:32:40,10.78,--,52,56056,卖盘
2613,10:32:37,10.78,-0.01,187,201586,卖盘
2614,10:32:28,10.79,--,2,2158,买盘
2615,10:32:22,10.79,--,284,306436,卖盘
2616,10:32:19,10.79,--,50,53949,卖盘
2617,10:32:16,10.79,--,1,1079,卖盘
2618,10:32:13,10.79,-0.01,71,76609,卖盘
2619,10:32:10,10.8,0.01,2,2160,买盘
2620,10:32:07,10.79,--,11,11868,卖盘
2621,10:32:01,10.79,-0.03,76,82004,卖盘
2622,10:31:52,10.82,--,13,14066,买盘
2623,10:31:49,10.82,--,253,274178,卖盘
2624,10:31:46,10.82,--,253,273746,卖盘
2625,10:31:43,10.82,--,283,306206,卖盘
2626,10:31:40,10.82,--,43,46526,卖盘
2627,10:31:37,10.82,-0.01,95,102790,卖盘
2628,10:31:34,10.83,0.01,192,207936,买盘
2629,10:31:31,10.82,--,62,67084,卖盘
2630,10:31:28,10.82,0.06,3908,4229105,买盘
2631,10:31:25,10.76,-0.01,178,191528,卖盘
2632,10:31:22,10.77,--,14,15078,卖盘
2633,10:31:19,10.77,--,177,190629,卖盘
2634,10:31:16,10.77,-0.01,478,514806,卖盘
2635,10:31:07,10.78,0.01,241,259797,买盘
2636,10:31:04,10.77,--,49,52773,卖盘
2637,10:31:01,10.77,--,107,115239,卖盘
2638,10:30:55,10.77,--,116,124932,卖盘
2639,10:30:52,10.77,--,96,103392,卖盘
2640,10:30:49,10.77,-0.01,10,10770,卖盘
2641,10:30:43,10.78,0.01,84,90552,买盘
2642,10:30:40,10.77,--,50,53850,卖盘
2643,10:30:37,10.77,--,18,19386,卖盘
2644,10:30:34,10.77,--,13,14001,卖盘
2645,10:30:31,10.77,-0.01,258,277866,卖盘
2646,10:30:25,10.78,0.01,19,20482,买盘
2647,10:30:22,10.77,-0.01,107,115239,卖盘
2648,10:30:19,10.78,0.01,62,66836,买盘
2649,10:30:13,10.77,-0.01,20,21540,卖盘
2650,10:30:10,10.78,--,86,92708,买盘
2651,10:30:07,10.78,0.01,87,93786,买盘
2652,10:30:01,10.77,--,79,85083,卖盘
2653,10:29:58,10.77,-0.01,49,53289,卖盘
2654,10:29:55,10.78,0.01,19,20482,买盘
2655,10:29:52,10.77,--,32,34464,卖盘
2656,10:29:49,10.77,-0.01,89,95853,卖盘
2657,10:29:43,10.78,0.01,139,150488,买盘
2658,10:29:31,10.77,--,84,90468,卖盘
2659,10:29:28,10.77,--,2,2154,卖盘
2660,10:29:25,10.77,--,81,87237,卖盘
2661,10:29:22,10.77,--,74,79698,卖盘
2662,10:29:16,10.77,--,617,664509,卖盘
2663,10:29:13,10.77,--,113,121701,买盘
2664,10:29:10,10.77,--,30,32310,买盘
2665,10:29:07,10.77,--,61,65697,买盘
2666,10:29:04,10.77,--,166,178782,买盘
2667,10:29:01,10.77,--,226,243402,卖盘
2668,10:28:55,10.77,--,130,140010,卖盘
2669,10:28:52,10.77,-0.01,11,11847,卖盘
2670,10:28:49,10.78,--,361,389158,买盘
2671,10:28:46,10.78,0.01,103,111034,买盘
2672,10:28:43,10.77,--,109,117393,卖盘
2673,10:28:40,10.77,-0.01,34,36618,卖盘
2674,10:28:37,10.78,--,13,14014,买盘
2675,10:28:34,10.78,0.01,87,93786,买盘
2676,10:28:31,10.77,--,11,11847,卖盘
2677,10:28:22,10.77,0.01,36,38772,买盘
2678,10:28:19,10.76,-0.01,72,77472,卖盘
2679,10:28:13,10.77,--,500,538500,买盘
2680,10:28:10,10.77,0.01,163,175551,买盘
2681,10:28:07,10.76,-0.02,20,21520,卖盘
2682,10:27:58,10.78,--,962,1037035,买盘
2683,10:27:55,10.78,0.01,50,53900,买盘
2684,10:27:52,10.77,-0.03,61,65697,卖盘
2685,10:27:49,10.8,--,275,297000,卖盘
2686,10:27:46,10.8,--,10,10800,卖盘
2687,10:27:43,10.8,--,23,24840,卖盘
2688,10:27:37,10.8,--,95,102600,卖盘
2689,10:27:34,10.8,0.03,2605,2813400,买盘
2690,10:27:31,10.77,-0.01,20,21540,卖盘
2691,10:27:28,10.78,0.01,5,5390,买盘
2692,10:27:25,10.77,--,191,205707,买盘
2693,10:27:22,10.77,--,4,4308,买盘
2694,10:27:19,10.77,0.01,30,32310,中性盘
2695,10:27:13,10.76,-0.01,81,87156,卖盘
2696,10:27:10,10.77,-0.01,25,26925,卖盘
2697,10:27:07,10.78,0.01,12,12936,买盘
2698,10:27:04,10.77,--,94,101238,买盘
2699,10:26:55,10.77,0.01,5,5385,中性盘
2700,10:26:52,10.76,-0.03,153,164628,卖盘
2701,10:26:46,10.79,0.02,128,138112,买盘
2702,10:26:43,10.77,0.01,76,81852,买盘
2703,10:26:40,10.76,-0.01,83,89308,卖盘
2704,10:26:37,10.77,--,45,48465,买盘
2705,10:26:34,10.77,-0.01,2,2154,卖盘
2706,10:26:31,10.78,--,123,132594,买盘
2707,10:26:28,10.78,0.01,1,1078,买盘
2708,10:26:25,10.77,0.01,23,24771,中性盘
2709,10:26:22,10.76,--,20,21520,卖盘
2710,10:26:19,10.76,-0.01,84,90384,卖盘
2711,10:26:16,10.77,-0.01,100,107700,卖盘
2712,10:26:13,10.78,--,96,103488,买盘
2713,10:26:10,10.78,--,143,154154,买盘
2714,10:26:04,10.78,--,1,1078,买盘
2715,10:26:01,10.78,0.02,10,10780,买盘
2716,10:25:55,10.76,-0.02,81,87156,卖盘
2717,10:25:52,10.78,--,15,16169,买盘
2718,10:25:49,10.78,--,6,6468,买盘
2719,10:25:46,10.78,0.01,81,87318,买盘
2720,10:25:43,10.77,0.01,61,65697,买盘
2721,10:25:40,10.76,-0.01,11,11836,卖盘
2722,10:25:37,10.77,0.01,24,25848,买盘
2723,10:25:34,10.76,-0.01,616,662816,卖盘
2724,10:25:28,10.77,0.01,3,3231,买盘
2725,10:25:25,10.76,--,101,108676,卖盘
2726,10:25:22,10.76,-0.02,10,10760,卖盘
2727,10:25:19,10.78,--,51,54978,买盘
2728,10:25:16,10.78,--,13,14014,买盘
2729,10:25:13,10.78,0.01,124,133672,买盘
2730,10:25:10,10.77,--,30,32310,卖盘
2731,10:25:07,10.77,-0.01,24,25848,卖盘
2732,10:25:04,10.78,--,90,97020,买盘
2733,10:25:01,10.78,--,59,63601,买盘
2734,10:24:55,10.78,0.01,10,10780,买盘
2735,10:24:52,10.77,--,10,10770,卖盘
2736,10:24:49,10.77,-0.02,96,103392,卖盘
2737,10:24:43,10.79,0.02,54,58265,买盘
2738,10:24:40,10.77,--,76,81852,卖盘
2739,10:24:37,10.77,-0.01,10,10770,卖盘
2740,10:24:34,10.78,0.01,1,1078,买盘
2741,10:24:31,10.77,0.01,23,24771,买盘
2742,10:24:28,10.76,-0.01,83,89308,卖盘
2743,10:24:22,10.77,0.01,17,18309,卖盘
2744,10:24:19,10.76,-0.02,86,92536,卖盘
2745,10:24:13,10.78,0.01,29,31261,买盘
2746,10:24:10,10.77,0.01,4,4308,中性盘
2747,10:24:07,10.76,-0.02,92,98992,卖盘
2748,10:24:04,10.78,0.01,32,34496,买盘
2749,10:24:01,10.77,--,125,134625,买盘
2750,10:23:55,10.77,--,141,151857,买盘
2751,10:23:52,10.77,--,595,640815,买盘
2752,10:23:49,10.77,0.01,82,88314,买盘
2753,10:23:43,10.76,-0.01,78,83928,卖盘
2754,10:23:40,10.77,--,50,53850,买盘
2755,10:23:37,10.77,0.01,11,11847,买盘
2756,10:23:34,10.76,-0.01,154,165704,卖盘
2757,10:23:28,10.77,0.01,66,71082,买盘
2758,10:23:25,10.76,--,94,101144,卖盘
2759,10:23:19,10.76,-0.01,27,29052,卖盘
2760,10:23:16,10.77,0.01,109,117393,买盘
2761,10:23:13,10.76,-0.01,71,76396,卖盘
2762,10:23:10,10.77,--,1,1077,买盘
2763,10:23:07,10.77,--,1022,1100694,买盘
2764,10:23:04,10.77,0.01,24,25848,买盘
2765,10:23:01,10.76,-0.01,142,152792,卖盘
2766,10:22:58,10.77,0.01,2,2154,买盘
2767,10:22:52,10.76,-0.02,106,114056,卖盘
2768,10:22:49,10.78,--,33,35574,买盘
2769,10:22:46,10.78,--,3,3234,买盘
